2817 4250
134 352 216 417 viru]
576 350 771 401 AGESILAUS
1158 345 1195 421 85

134 525 348 585 abstinentiae.
414 525 461 584 ᾖε
492 524 571 583 enim
602 533 665 582 erat
698 528 848 596 instricta,
876 533 908 582 ut
939 524 970 582 in
1003 524 1083 583 mille
1117 529 1149 583 re

136 631 274 691 differret
294 637 312 690 i
332 631 458 688 cuiusvis
478 630 575 706 inopis
598 639 687 705 atque
708 635 819 705 priveti.

181 739 272 797 VIII.
300 740 399 812 Atque
427 737 475 794 hic
503 745 600 795 tantus
627 736 671 794 vir
698 747 730 794 ut
757 741 892 794 niteram
920 737 1072 794 fautricem
1096 736 1147 794 ha·

136 845 248 904 buerat
268 844 299 901 in
321 842 484 902 tribuendis
505 841 595 900 animi
615 841 779 914 virtutibus,
794 847 836 900 sic
857 842 1022 900 maleficam
1044 852 1148 901 nactus

136 961 188 1009 est
214 951 245 1008 in
272 967 398 1025 corpore
426 947 566 1023 fingende
576 968 586 1020 3
617 966 687 1005 nam
715 957 746 1006 et
773 951 883 1006 stature
910 947 964 1006 fuit
991 949 1095 1007 humili
1118 959 1149 1007 et
1172 973 1182 1018 5

136 1073 268 1131 corpore
293 1055 400 1130 exigue
425 1065 455 1112 et
479 1053 601 1112 claudus
626 1054 719 1112 altere
743 1053 830 1128 pede.
874 1054 958 1127 Quae
984 1059 1030 1113 res
1058 1055 1147 1113 etiam

135 1162 314 1220 nr‘mniillam
342 1160 495 1219 adferebat
526 1159 760 1231 determitetem,
788 1170 877 1235 atque
910 1165 1011 1236 igneti,
1040 1161 1146 1220 faciem

137 1269 206 1327 eius
230 1286 299 1325 cum
324 1268 516 1338 intuerentur,
541 1265 794 1338 contemnebant;
825 1271 876 1341 qui
899 1275 998 1324 autem
1025 1268 1147 1326 virtutes

136 1379 293 1446 neverant,
325 1379 386 1433 nen
421 1382 560 1448 poterant
597 1370 735 1430 admireri
770 1371 848 1430 satis.
904 1372 995 1446 Quod
1031 1379 1059 1432 ei
1093 1379 1147 1432 risu

137 1481 232 1552 venit,
254 1498 323 1536 cum
347 1483 491 1536 annerum
517 1477 668 1553 octeginta
693 1477 825 1536 subsidie
850 1477 953 1536 Tache
978 1479 1009 1536 in
1033 1481 1148 1555 Aegyp
1170 1507 1197 1538 ιο

138 1595 205 1644 tum
236 1591 339 1643 missus
368 1594 447 1643 esset
476 1595 506 1642 et
535 1584 565 1640 in
594 1588 661 1641 acte
688 1602 757 1641 cum
786 1589 844 1642 suis
871 1584 1056 1644 accubuisset
1084 1586 1146 1644 sine

138 1691 202 1750 ulle
230 1695 310 1749 tecte
341 1699 508 1765 statumque
540 1689 663 1748 haberet
694 1690 761 1762 tele,
789 1699 822 1748 ut
854 1699 930 1749 terra
960 1695 1039 1750 tecta
1070 1701 1147 1750 esset

138 1802 309 1855 strementis
337 1813 434 1870 neque
462 1795 521 1853 huc
548 1795 673 1871 amplius
702 1813 791 1870 quam
818 1796 902 1871 pellis
927 1806 1004 1855 esset
1028 1798 1145 1869 iniecta,

139 1902 252 1961 eedem
276 1907 337 1976 que
361 1901 487 1960 comites
511 1905 615 1960 omnes
637 1906 745 1960 vestitu
767 1901 870 1959 humili
890 1913 979 1976 atque
1001 1902 1144 1975 obsoleto,

138 2018 174 2066 ut
199 2013 302 2066 eerum
327 2012 446 2065 emetus
471 2012 532 2065 nen
556 2005 648 2065 modo
672 2007 702 2064 in
728 2013 770 2066 eis
794 2011 894 2083 regem
918 2008 1069 2066 neminem
1090 2014 1145 2083 sig·
1170 2031 1194 2078 ¹5

137 2114 284 2187 nificeret,
309 2113 364 2173 sed
391 2113 527 2172 homines
555 2132 619 2172 esse
648 2118 709 2172 nen
736 2113 921 2173 beetissimes
948 2114 1146 2189 suspicionem

138 2221 309 2297 praeberet.
352 2221 448 2278 Huius
475 2218 515 2278 de
540 2218 669 2278 adventii
691 2221 774 2277 sama
798 2239 867 2277 cum
891 2219 930 2277 ad
952 2221 1049 2295 regies
1070 2231 1147 2279 esset

34 2396 38 2403 ¹
139 2326 264 2402 perlata,
286 2326 421 2384 celeriter
441 2329 563 2383 munera
584 2330 621 2383 ee
642 2326 783 2400 cuiusque
808 2326 923 2401 generis
948 2335 1016 2384 sunt
1039 2325 1146 2385 adleta.
1240 2366 1242 2370 -

140 2435 199 2491 His
220 2433 430 2507 quaerentibus
450 2431 617 2507 Agesilaum
637 2432 686 2489 vix
706 2431 782 2489 fides
803 2431 880 2489 sacta
901 2441 955 2504 est,
969 2436 1060 2489 unum
1082 2450 1146 2491 esse

139 2558 179 2597 ex
199 2545 241 2597 eis
269 2539 320 2612 qui
344 2517 626 2596 tumaccubebant.
669 2537 729 2611 Qui
756 2556 825 2594 cum
850 2537 925 2612 regis
948 2538 1045 2597 verbis
1069 2556 1146 2612 quae
1168 2564 1196 2595 ιο

138 2645 299 2703 attulerant
326 2641 488 2715 dedissent,
517 2643 565 2702 ille
593 2652 711 2718 praeter
737 2644 888 2701 vitulinam
913 2653 943 2701 et
971 2643 1034 2701 eius
1065 2644 1147 2703 modi

137 2768 251 2826 genera
279 2750 394 2808 obsenii
431 2766 507 2824 quae
536 2753 677 2823 praesens
704 2758 821 2823 tempus
850 2747 1046 2820 desiderebat,
1075 2749 1147 2807 nihil

137 2856 278 2930 accepit3
307 2864 464 2930 unguenta,
494 2860 619 2913 corenes
646 2853 868 2929 secundamque
897 2859 1029 2913 mensam
1058 2862 1146 2914 servis

138 2961 297 3037 dispertiit,
325 2965 425 3019 cetera
453 2960 555 3018 referri
581 2960 672 3018 iussit.
732 2961 801 3035 Que
829 2961 907 3019 facte
936 2978 1004 3019 eum
1033 2961 1147 3020 barbari

137 3068 235 3143 magis
263 3068 353 3124 etiam
381 3070 633 3142 contempserunt,
657 3066 740 3141 quod
768 3085 835 3124 eum
863 3067 1028 3141 ignerantia'r
1055 3066 1145 3125 bone·
1169 3094 1195 3141 ²5

137 3192 206 3231 rum
228 3176 326 3230 rerum
347 3172 414 3229 vilia
434 3172 621 3247 potissimum
642 3173 800 3247 sempsisse
823 3172 1044 3231 arbitrEbantur.

182 3279 244 3335 Hic
265 3296 334 3335 cum
356 3296 393 3335 ex
412 3280 550 3352 Aegypte
572 3282 774 3349 reverteretur,
790 3277 917 3336 detritus
938 3284 956 3336 e
976 3283 1044 3353 rege
1066 3279 1146 3336 Nec-

138 3382 282 3442 tanabide
304 3382 439 3441 ducentis
460 3384 562 3458 viginti
583 3384 709 3456 talentis,
731 3402 806 3458 quae
828 3384 876 3443 ille
897 3389 1011 3443 meineri
1033 3385 1146 3460 popule

138 3494 195 3547 sue
223 3489 317 3561 daret,
345 3489 531 3562 venissetque
559 3489 589 3546 in
617 3500 746 3564 portum,
774 3496 825 3564 qui
856 3491 985 3548 Menelffi
1015 3496 1145 3561 vocatur,

138 3596 242 3653 iacens
267 3595 344 3652 inter
367 3595 496 3669 Cerenes
521 3604 551 3653 et
574 3598 753 3670 Aegyptum,
775 3596 805 3653 in
829 3596 964 3653 morbum
987 3595 1146 3671 implicitus
1169 3624 1197 3669 30

138 3700 280 3759 decessit.
332 3700 379 3760 Ibi
407 3719 476 3758 eum
503 3707 599 3773 amici,
627 3707 688 3776 que
717 3703 850 3777 Spartam
879 3702 990 3758 facilius
1018 3701 1145 3776 perferre

138 3816 274 3883 possent,
301 3807 383 3881 quod
419 3808 478 3865 mel
512 3813 572 3866 nen
604 3808 775 3885 habebant,
790 3812 858 3866 cere
890 3806 1145 3864 circumfuderunt

138 3924 231 3988 atque
253 3913 294 3970 ita
314 3913 436 3970 domum
459 3915 639 3972 rettulerunt.
