2817 4250
42 859 135 1076 ui*

43 1101 107 1238 (BN

149 312 271 380 v1.,v11.]
445 305 448 308 ’
548 331 549 336 ¹
579 309 775 384 MILTIADES
1186 313 1207 383 7

149 499 183 546 ut
211 491 318 546 Persae
346 491 408 544 nen
436 495 539 558 castra,
568 483 621 542 sed
649 489 739 542 neves
768 485 914 559 petierint.
960 484 1156 582 wa
1197 429 1278 507 ‘Ul
1304 450 1338 538 ἱ(

149 593 227 651 nihil·
251 593 350 651 adhuc
378 591 491 650 exstitit
515 591 642 648 nebilius
653 611 662 662 5
697 590 777 647 nilla
810 591 890 648 enim
921 608 1062 665 umquam
1094 600 1155 648 tam

150 700 257 774 exigua
278 717 382 756 manus
403 701 499 757 tontes
520 701 593 771 opes
614 667 893 789 prestrevitsff

191 805 245 863 VI.
274 805 364 862 Cuius
389 803 532 886 victerne-
559 807 619 859 nen
648 802 776 859 alienum
804 800 919 859 videtur
949 802 1036 876 quele
1070 819 1155 877 prae-

151 911 244 968 mium
274 910 403 968 Miltiadi
418 887 628 1008 {issrsssfflffifflm
655 907 774 979 docere,
799 913 859 982 que
888 907 1000 965 facilius
1028 907 1158 980 intellegi
1181 931 1191 978 5

151 1017 247 1092 possit
268 1016 394 1073 eandem
409 1014 548 1094 *oninium
570 1013 721 1071 civitaitum
743 1031 807 1072 esse
828 1019 972 1071 neturam.
1013 1015 1057 1072 Ut
1077 1013 1126 1070 eui

152 1139 256 1197 popur
282 1123 411 1179 Romeni
436 1121 563 1178 honeres
587 1118 740 1193 quondam
769 1119 886 1177 fuerunt
913 1125 968 1176 rairi
996 1129 1026 1177 et
1053 1124 1157 1177 tenues

153 1227 194 1286 ob
229 1245 355 1301 eamque
390 1243 510 1283 causam
544 1224 671 1299 gleriesi‚
699 1243 779 1281 nunc
811 1235 910 1282 autem
947 1225 1034 1282 elfirsi
1068 1234 1157 1298 atque

154 1333 288 1404 obsoleti,
324 1338 366 1390 sic
401 1331 472 1390 elim
507 1328 587 1405 apud
621 1329 817 1388 Athenienses
860 1331 947 1388 fuisse
986 1335 1156 1404 reperimus.

154 1440 295 1513 Namque
320 1437 387 1495 huic
413 1436 550 1507 Miltiadi,
581 1442 631 1511 qui
658 1437 789 1494 Athenis
811 1441 970 1510 totamque
999 1426 1159 1494 Graeciam
1182 1452 1209 1482 10

153 1546 301 1616 linerent,
322 1543 387 1602 talis
409 1543 503 1601 hones
524 1543 649 1600 tribiitus
671 1552 726 1613 est,
747 1542 778 1599 in
799 1542 915 1616 portici
939 1559 1015 1616 quae
1041 1540 1158 1598 Poecile

153 1656 278 1708 vocetur
297 1668 365 1707 cum
386 1654 486 1724 pirgua
506 1648 718 1724 depingeretur
737 1647 933 1719 Maratheno,
947 1657 979 1705 ut
1000 1648 1031 1705 in
1051 1646 1159 1704 decem

154 1761 324 1832 praeterum
359 1758 484 1812 numero
521 1760 615 1828 prima
651 1754 713 1811 eius
748 1742 846 1828 imaige
881 1756 1049 1848 Q
1075 1753 1158 1827 isque
1191 1720 1254 1828 J(
1265 1720 1303 1860 (j

116 1938 122 1946 .
154 1863 320 1920 horteretur
354 1861 460 1920 milites
477 1860 692 1935 proeliumque
722 1859 932 1917 committeret.
960 1833 1076 1946 lldem
1110 1858 1158 1915 ille

150 1966 286 2039 populus,
302 1971 407 2038 posteri
426 1984 515 2038 quam
534 1965 626 2022 miius
644 1964 801 2037 imperium
823 1974 868 2022 est
892 1974 996 2021 nactus
1021 1972 1051 2021 et
1074 1965 1159 2038 largi-
1183 1989 1208 2036 15

154 2071 236 2129 tiene
261 2070 481 2145 magistretuum
505 2079 660 2149 corruptus
681 2079 735 2142 est,
751 2075 898 2129 trecentis
919 2075 1028 2129 statues
1049 2071 1159 2128 Deme·

155 2178 211 2235 trie
234 2177 376 2235 Phaleree
397 2176 538 2235 decrevit.

157 2335 163 2340 .
194 2284 266 2340 VII.
303 2284 373 2340 Post
401 2264 459 2340 hoc
494 2282 639 2356 proelium
674 2282 799 2340 classem
829 2282 1016 2357 septuaginta
1041 2282 1159 2339 nivium

154 2387 351 2447 Athenienses
388 2388 486 2446 eidem
522 2387 650 2446 Miltiadi
683 2388 840 2459 dederunt,
875 2398 908 2445 ut
941 2388 1049 2445 insulsis
1083 2406 1159 2462 quae

154 2493 295 2554 barbaros
317 2492 489 2552 adiirverant
511 2493 588 2552 belle
613 2498 848 2568 persequeretur.
891 2494 960 2567 Qu'o'
983 2493 1013 2550 in
1034 2493 1160 2568 imperii>
1182 2520 1210 2551 ιο
1232 2462 1271 2561 K
1291 2444 1351 2587 17

154 2600 311 2675 pleresque
332 2599 371 2658 ad
394 2599 524 2658 officium
545 2580 941 2674 redirfflffillas
961 2606 990 2656 vi
1010 2604 1158 2675 expiguai-

154 2686 293 2819 vithx
322 2706 367 2764 his
392 2707 498 2764 Parum
525 2706 649 2764 insulam
674 2705 780 2780 opibus
805 2706 912 2763 eletam
937 2724 1005 2763 cum
1028 2706 1159 2763 eretieue

155 2811 346 2869 reconciliere
375 2817 436 2869 nen
464 2822 573 2886 posset,
599 2811 702 2886 eripies
731 2816 748 2869 e
776 2810 898 2870 nivibus
922 2811 1033 2882 edtixit,
1056 2811 1159 2869 urbem

53 2945 63 2980 l
154 2916 294 2993 operibus
319 2917 423 2975 clausit
446 2924 585 2991 omnique
612 2921 781 2974 commeetir
807 2916 949 2990 privivit;
978 2916 1048 2974 dein
1069 2922 1160 2973 vineis

155 3042 190 3081 ac
220 3004 416 3082 testiidinibus
441 3024 605 3081 censtitritis
634 3022 755 3097 propius
781 3027 878 3079 mines
904 3022 1038 3079 accessit.
1082 3023 1159 3080 Cum
1182 3048 1209 3095 25

155 3130 213 3188 iam
239 3130 270 3186 in
290 3133 327 3187 ee
352 3137 430 3187 esset
450 3138 483 3186 ut
505 3127 620 3204 oppidi)
643 3133 795 3201 potiretur,
814 3127 919 3202 procul
941 3127 973 3185 in
994 3128 1161 3185 continenti

156 3234 248 3307 hicne,
283 3241 333 3309 qui
367 3253 405 3291 ex
438 3234 531 3292 insule
569 3233 816 3307 censpiciebEtur,
851 3233 953 3291 nesciri
992 3238 1052 3306 que
1090 3238 1161 3291 casu

156 3346 302 3398 nocturno
329 3350 466 3415 tempore
501 3339 638 3397 incensus
667 3349 720 3396 est.
777 3338 867 3396 Citius
902 3337 1022 3395 flamma
1055 3348 1087 3396 ut
1122 3340 1161 3396 ab

157 3444 314 3521 oppidenis
342 3455 373 3504 et
400 3443 654 3520 oppugnatoribus
682 3455 728 3502 est
754 3450 826 3516 visa,
854 3450 985 3518 utrisque
1017 3444 1097 3502 venit
1129 3445 1161 3501 in

156 3552 328 3626 opinionem
350 3558 463 3626 signum
486 3558 503 3609 ξ
525 3550 678 3608 classiariis
700 3550 786 3625 regiis
808 3550 919 3607 datum.
962 3550 1032 3623 Que
1051 3549 1161 3607 factum
1182 3580 1211 3625 30

157 3668 200 3715 est
228 3666 260 3714 ut
288 3666 318 3714 et
346 3657 421 3715 Parii
448 3662 465 3714 e
492 3656 647 3715 deditiene
683 3656 900 3713 deterrerentur
934 3666 964 3713 et
999 3655 1160 3727 Miltiades,

157 3762 263 3820 timens
284 3767 322 3821 ne
343 3762 442 3819 classis
463 3763 542 3837 regia
567 3760 752 3834 adventeret,
773 3761 899 3818 incensis
923 3760 1063 3835 operibus
1083 3778 1160 3834 quae
