2817 4250
612 830 710 887 xvrr.
746 815 976 888 noasrraus.

335 1015 359 1072 Ι.
387 1014 538 1090 Agesilaus
563 1013 818 1073 Lacedaemonius
842 1033 911 1072 cum
936 1020 954 1073 a
978 1019 1082 1073 ceteris
1107 1016 1297 1089 scripteribus

293 1130 355 1177 tum
381 1121 487 1180 eximie
512 1127 529 1178 a
553 1120 752 1196 Xenophonte
777 1121 927 1180 Sacratice
953 1120 1145 1179 conlaudatus
1168 1131 1233 1194 est3
1262 1126 1297 1178 eo

294 1227 373 1284 enim
396 1231 464 1285 isus
486 1236 531 1285 est
553 1227 786 1284 familiarissime.

335 1333 396 1390 Hic
430 1339 557 1407 primum
588 1331 628 1391 de
656 1337 747 1408 regne
776 1351 845 1390 cum
874 1331 1067 1408 leetychide,
1096 1332 1191 1390 fratris
1220 1331 1295 1403 filio,

257 1463 268 1510 5
292 1436 394 1497 habuit
422 1439 654 1496 contentienem.
712 1439 780 1496 Mes
809 1448 871 1496 erat
900 1438 980 1496 enim
1009 1437 1253 1496 Lacedaemoniis
1280 1442 1296 1494 a

293 1543 452 1603 maieribus
477 1544 608 1616 traditus,
633 1554 666 1603 ut
693 1544 778 1603 binas
808 1543 953 1603 haberent
980 1562 1098 1619 semper
1126 1548 1218 1618 reges,
1243 1547 1294 1600 na-

294 1651 373 1708 mine
402 1650 493 1726 magis
521 1669 610 1725 quam
639 1650 775 1726 imperia,
796 1668 833 1708 ex
862 1649 976 1708 duabus
1005 1649 1121 1708 familiis
1146 1648 1243 1706 Procli
1267 1659 1296 1707 et

294 1757 494 1832 Eurysthenis,
519 1763 570 1831 qui
598 1756 745 1831 principes
773 1774 810 1813 ex
837 1757 980 1832 pregenie
1009 1755 1147 1812 Herculis
1175 1755 1296 1829 Spartae

293 1868 377 1939 reges
415 1863 540 1920 fuerunt.
603 1864 721 1920 Herum
758 1881 794 1920 ex
828 1862 920 1919 altera
953 1862 983 1918 in
1018 1861 1134 1919 alterius
1170 1860 1296 1918 familiae

245 1999 271 2030 ιο
293 1969 391 2026 locum
428 1969 491 2026 fieri
526 1973 587 2025 nen
622 1968 750 2040 licebat;
792 1966 833 2025 ita
869 1986 953 2025 suum
990 1977 1115 2041 utraque
1151 1966 1297 2025 retinebat

292 2074 436 2133 ardinem.
493 2067 621 2133 Primnr'n
654 2075 727 2133 ratia
763 2073 932 2146 habebatur,
961 2080 1012 2149 qui
1048 2073 1192 2132 maximus
1227 2077 1297 2131 nata

293 2191 370 2239 esset
394 2199 431 2238 err
451 2180 547 2239 liberis
568 2181 639 2251 eins,
661 2187 714 2254 qui
735 2159 869 2255 regnans·
883 2179 1077 2253 decessisset3
1105 2186 1149 2237 sin
1171 2180 1195 2237 is
1217 2180 1297 2236 virile

293 2305 378 2345 secus
398 2292 460 2344 nen
480 2286 652 2361 reliquisset,
676 2295 738 2343 tum
759 2285 951 2361 deligebatur,
973 2292 1025 2359 qui
1045 2286 1197 2361 proximus
1219 2295 1298 2343 esset

292 2391 520 2467 propinquitate.
576 2392 712 2449 Mortuus
746 2399 808 2448 erat
837 2377 907 2466 Agis
940 2395 1000 2463 rex,
1029 2390 1117 2448 frater
1150 2391 1296 2465 Agesila;
1380 2406 1381 2415 ¹

244 2524 268 2571 ¹5
293 2497 390 2556 lilium
422 2498 577 2573 reliquerat
610 2496 834 2572 Leotychidem.
891 2496 989 2570 Quem
1020 2496 1068 2553 ille
1101 2501 1202 2554 natum
1238 2502 1298 2554 nen

291 2608 421 2679 agnarat,
457 2602 586 2661 eundem
622 2602 750 2659 moriens
785 2620 869 2659 suum
906 2620 971 2660 esse
1005 2600 1127 2660 dixerat.
1191 2602 1222 2659 Is
1257 2599 1296 2659 de

292 2709 404 2767 honere
429 2714 511 2784 regni
534 2727 603 2765 cum
628 2707 774 2784 Agesilao,
800 2712 905 2783 patrue
930 2712 993 2779 sue,
1015 2706 1170 2766 contendit
1198 2724 1296 2782 neque

291 2814 322 2873 id
358 2814 440 2890 quod
476 2814 579 2889 petivit
616 2816 794 2871 censecirtns
830 2822 894 2885 est;
935 2832 1005 2873 nam
1046 2804 1199 2889 Lysandro
1238 2816 1295 2874 suf-

291 2922 431 2997 fragante,
459 2920 588 2990 homine,
616 2927 649 2975 ut
689 2917 874 2976 ostendimus
909 2923 1005 2992 supra,
1035 2917 1159 2977 factiese
1198 2928 1229 2977 et
1264 2919 1297 2977 iis

240 3052 269 3083 ιο
290 3023 474 3098 temporibus
501 3032 633 3097 potente,
663 3023 813 3098 Agesilaus
842 3023 985 3082 antelatus
1014 3031 1067 3081 est.

327 3126 369 3183 11.
399 3127 459 3182 Hic
481 3125 568 3182 simul
589 3134 677 3197 atque
699 3124 817 3197 imperii
838 3129 948 3197 potitus
969 3133 1022 3195 est,
1040 3128 1183 3204 persuasit
1205 3130 1296 3187 Lace-

290 3230 456 3288 daemoniis
470 3239 502 3288 ut
515 3247 583 3287 cum
599 3230 730 3290 exercitii
748 3235 779 3289 se
798 3231 947 3290 mitterent
964 3232 996 3292 in
1009 3234 1109 3292 Asiam
1128 3234 1297 3311 bellumque

290 3339 351 3409 regi
374 3335 515 3407 lacerent,
537 3332 650 3394 docens
672 3334 761 3393 satius
787 3353 850 3394 esse
872 3336 902 3394 in
923 3338 993 3395 Asia
1012 3356 1103 3413 qnam
1123 3339 1154 3397 in
1176 3340 1297 3416 Eurepa

290 3439 432 3498 dimicari.
488 3441 625 3516 Namque
642 3440 743 3499 'lama
774 3442 884 3500 exierat
911 3444 1094 3503 Artaxerxen
1122 3452 1295 3522 comparare

239 3564 265 3612 ²5
289 3546 396 3604 classes
417 3545 628 3621 pedestresque
651 3546 805 3619 exercitas,
828 3548 954 3621 quasin
977 3550 1134 3609 Graeciam
1156 3551 1294 3610 mitteret.

290 3651 367 3708 Data
388 3657 536 3725 potestate
557 3658 639 3709 tanta
659 3652 810 3709 celeritate
831 3657 900 3711 irsus
920 3663 974 3725 est,
988 3664 1021 3713 ut
1042 3655 1121 3730 prius
1143 3656 1173 3713 in
1196 3658 1294 3715 Asiam

289 3774 358 3813 cum
386 3757 481 3831 capiis
505 3756 671 3831 pervenerit
699 3774 788 3831 quam
819 3758 892 3831 regii
918 3768 1052 3836 satrapae
1085 3778 1154 3819 eum
1186 3769 1294 3821 scirent

751 3875 784 3926 80
