2817 4250
97 277 153 341 ιιι]
533 275 727 326 Panormus
919 271 925 288 ¹
1118 278 1158 342 77

97 458 149 526 qui
169 450 284 508 Thebis
305 449 385 508 idern
407 449 583 521 sentiebant,
605 448 686 508 diem
712 449 885 525 delegerunt
909 447 947 506 ad
973 448 1108 506 inimicos

97 556 315 632 opprimendos
342 556 550 630 civitotemque
578 554 762 614 liberandam
796 573 864 614 eurn
896 560 957 629 quo
989 555 1108 612 maiximi

97 663 286 738 magistrotos
311 662 396 720 simul
420 666 597 720 consuerant
625 662 743 736 epuleri.
788 663 915 736 Mognae
944 678 1033 736 saepe
1061 665 1107 718 res

96 773 158 826 non
180 768 224 826 ita
245 773 357 842 mognis
378 767 473 842 copiis
494 775 561 825 sunt
581 777 691 842 gestae,
713 765 767 824 sed
789 767 924 841 profecto
945 784 1107 840 numquam

97 884 157 931 tam
192 874 233 932 ab
260 880 342 931 tenui
369 873 453 931 initio
482 883 580 930 tantae
609 876 682 947 opes
710 883 777 930 sunt
811 873 981 947 profligotae
992 893 1001 944 3
1037 890 1106 929 narn
1131 893 1142 941 5

97 979 263 1037 duodecim
291 979 503 1038 adulescentuli
530 979 665 1037 coierunt
691 997 728 1038 ex
745 985 795 1050 eis,
821 986 871 1053 qui
896 979 998 1036 exsilio
1023 988 1106 1035 erant

97 1085 223 1157 multiti,
252 1103 321 1142 curn
356 1090 478 1143 omnino
511 1090 573 1143 non
604 1096 702 1144 essent
737 1085 862 1160 amplius
897 1094 1026 1154 centum,
1055 1090 1106 1157 qui

99 1195 181 1249 tanto
209 1195 243 1249 se
271 1190 409 1250 offerrent
437 1192 579 1266 periculo.
628 1192 695 1265 Quo
722 1191 870 1266 paucitote
898 1190 1034 1265 perculsa
1062 1200 1106 1247 est

99 1297 407 1356 Lacedaemoniorum
435 1297 579 1372 potentia.
633 1299 658 1354 Ii
686 1297 766 1354 enirn
795 1302 855 1354 non
882 1296 975 1372 magis
1003 1295 1105 1354 adver-

99 1403 242 1460 soriorum
281 1403 402 1461 factioni
440 1421 529 1477 quam
567 1404 715 1478 Spartonis
754 1408 791 1460 eo
826 1413 960 1476 tempore
996 1402 1106 1459 bellum
1130 1429 1156 1459 ιο

100 1507 268 1580 intulemnt,
298 1515 348 1583 qui
377 1509 525 1583 principes
553 1519 636 1566 erant
664 1514 752 1566 totius
780 1509 925 1567 Graeciae
936 1529 944 1580 3
980 1513 1104 1582 quorum

100 1614 216 1688 imperii
245 1615 511 1689 modestiamque
539 1615 581 1671 ita
607 1615 699 1673 multo
728 1624 805 1690 post,
828 1614 983 1672 Leuctrica
1008 1618 1106 1688 pogno

100 1720 137 1777 ab
167 1719 226 1777 hoc
259 1720 342 1778 initio
374 1721 509 1795 perculsa
540 1720 680 1779 concidit.
737 1720 782 1777 Illi
814 1720 900 1796 igitur
934 1718 1104 1789 duodecim,

100 1831 225 1899 quorum
254 1826 315 1884 dux
343 1837 406 1884 erat
434 1825 599 1901 Pelopides,
625 1845 695 1884 cum
722 1826 845 1883 Athenis
873 1824 1001 1883 interdiu
1032 1832 1104 1882 exis-

101 1942 173 2003 sent,
201 1943 234 1990 ut
266 1939 492 2007 vesperescente
523 1933 607 1990 caelo
637 1931 757 1990 Thebes
788 1942 909 2007 possent
944 1939 1105 2007 pervenire,
1131 1954 1154 2000 ¹5

100 2056 167 2094 curn
202 2039 327 2097 canibus
360 2039 501 2096 veneticis
536 2039 679 2110 exierunt,
714 2039 787 2096 retia
827 2037 964 2108 ferentes,
1000 2043 1105 2095 vestito

101 2153 215 2220 agresti,
240 2152 301 2221 quo
330 2147 444 2204 minore
476 2146 644 2221 suspicione
674 2147 805 2203 iacerent
833 2146 897 2203 iter.
950 2146 1010 2219 Qui
1037 2164 1105 2202 curn

101 2260 235 2325 tempore
267 2252 332 2326 ipso
364 2258 424 2327 quo
457 2251 610 2310 studerant
635 2252 847 2327 pervenissent,
877 2249 999 2309 domurn
1027 2250 1105 2309 Cha-

102 2356 177 2414 ronis
198 2356 398 2431 deverterunt,
420 2364 438 2415 o
458 2363 518 2433 quo
539 2368 570 2415 et
590 2367 708 2433 tempus
728 2368 759 2416 et
780 2357 844 2416 dies
865 2367 928 2414 erat
949 2357 1044 2415 datus.

141 2463 198 2520 III.
229 2465 302 2521 Hoc
326 2464 394 2522 loco
418 2464 491 2523 libet
515 2464 714 2539 interponere,
739 2470 794 2521 etsi
818 2464 983 2522 seionctum
1008 2463 1046 2520 ab
1074 2468 1105 2522 re
1128 2487 1156 2519 ιο

102 2569 253 2643 proposito
273 2579 326 2641 est,
341 2570 433 2627 nimia
454 2569 568 2627 lidocia
588 2580 716 2644 quantae
738 2569 897 2626 calamitati
917 2569 1010 2627 soleat
1031 2586 1105 2627 esse.

103 2673 180 2731 Nam
201 2676 423 2750 magistratuum
444 2676 657 2733 Thebonorum
679 2675 778 2733 statim
804 2674 841 2733 ad
867 2679 951 2733 aures
972 2675 1106 2749 pervenit

103 2779 213 2839 exsules
242 2781 274 2838 in
301 2782 404 2839 urbem
433 2782 557 2840 venisse.
603 2780 641 2839 Id
668 2781 709 2839 illi
735 2786 804 2840 vino
832 2780 983 2855 epulisque
1012 2779 1106 2838 dediti

103 2902 192 2960 usque
221 2892 259 2945 eo
287 2886 494 2964 despexerunt,
516 2898 549 2945 ut
575 2892 613 2945 ne
641 2905 784 2963 quaerere
812 2887 934 2962 quidem
962 2886 1000 2944 de
1026 2892 1107 2944 tanto

104 2994 134 3048 re
156 2992 325 3051 laborerint.
366 2995 500 3052 Accessit
524 2993 606 3069 quod
631 2993 722 3051 etiarn
743 2994 835 3070 magis
856 2999 981 3067 aperiret
1004 2997 1105 3051 eorum
1128 3016 1154 3065 25

104 3094 293 3157 dementiam.
334 3098 441 3157 Adlota
462 3110 506 3158 est
528 3100 607 3157 enim
629 3100 754 3175 epistula
774 3098 896 3157 Athenis
918 3099 956 3158 ab
977 3099 1105 3157 Archino

104 3205 152 3259 tini
172 3222 208 3262 ex
220 3210 272 3276 eis,
287 3205 423 3278 Archiae,
438 3212 489 3280 qui
509 3215 572 3263 turn
594 3206 755 3263 monimum
776 3206 976 3280 magistrotum
995 3205 1106 3263 Thebis

106 3308 265 3382 obtinebat,
287 3310 318 3368 in
341 3318 400 3387 quo
424 3312 524 3369 omnia
548 3310 587 3370 de
611 3312 797 3387 profectione
818 3316 921 3369 eorum
943 3317 1106 3386 perscripta

107 3424 195 3472 erant.
237 3416 321 3491 Quae
347 3436 416 3474 curn
440 3417 498 3475 iam
523 3417 680 3476 accubanti
704 3418 736 3474 in
759 3417 896 3474 convivio
922 3427 999 3475 esset
1026 3415 1105 3488 data,

107 3524 179 3577 sicut
199 3532 262 3579 erat
274 3508 403 3598 signata,
418 3524 473 3581 sub
490 3523 641 3598 pulvinum
659 3522 816 3594 subiciens,
832 3525 898 3580 “In
916 3523 1104 3593 crostinum,”
1129 3549 1156 3594 30

108 3621 208 3698 inquit,
228 3627 360 3687 “differo
386 3634 432 3687 res
455 3629 572 3688 seriais.”
614 3632 654 3688 At
677 3630 718 3687 illi
742 3634 854 3701 omnes,
876 3647 945 3686 curn
966 3629 1024 3685 iarn
1046 3647 1106 3687 nox

109 3734 303 3806 processisset,
331 3736 472 3793 vinolenti
501 3735 540 3794 ab
570 3736 718 3795 exsulibus
749 3734 826 3793 duce
862 3734 1005 3811 Pelopide
1038 3744 1105 3793 sunt
