2817 4250
88 339 144 384 111,
158 327 208 390 rv.]
546 325 712 374 DATAMES
1111 315 1150 376 61

90 499 304 575 Paphlagonis.
348 500 393 554 Ea
417 497 487 571 quid
511 502 647 572 ageretur
671 499 778 569 resciit,
800 497 957 573 filiumque
980 498 1102 556 monuit.

90 607 149 663 Ille
173 606 242 680 suge
262 604 425 678 periculum
448 603 566 661 evitaivit
587 603 757 678 bellumque
777 603 882 661 indixit
899 604 1025 679 Thuyni.
1068 606 1104 661 In

90 718 156 787 que
193 730 262 768 cum
298 711 337 769 ab
364 710 571 782 Ariobarzene,
601 712 752 784 praefecte
788 710 899 786 Lydiae
934 721 964 768 et
999 711 1103 768 Ieuiae

91 825 246 892 tertiusque
273 817 424 892 Phrygiae,
447 816 580 874 desertus
605 827 691 887 esset,
714 817 805 874 nihile
830 817 947 892 segnius
968 822 1102 892 perseve-

92 926 169 982 revit
190 930 348 998 vivumque
370 923 477 998 Thuyn
499 923 580 997 cepit
600 941 669 980 cum
690 928 781 981 uxere
803 933 834 981 et
856 923 962 982 liberis.
1128 945 1138 992 5

136 1031 197 1089 ΙΙΙ.
226 1029 317 1088 Ceius
346 1029 415 1086 facti
442 1033 480 1086 ne
508 1029 587 1104 prius
616 1029 699 1086 sema
727 1028 765 1086 ad
794 1035 893 1104 regem
922 1048 1011 1104 quam
1040 1030 1104 1104 ipse

92 1142 273 1212 perveniret,
296 1134 380 1193 dedit
401 1152 532 1209 operam.
577 1135 682 1209 Itaque
704 1135 841 1193 omnibus
861 1136 959 1192 insciis
984 1141 1031 1207 ee,
1053 1137 1104 1194 ubi

93 1252 160 1300 erat
187 1246 248 1312 rex,
272 1241 353 1300 venit
381 1245 561 1315 postereque
586 1239 635 1298 die
663 1241 780 1315 Thuyn,
805 1242 956 1300 hominem
985 1242 1104 1300 maximi

94 1347 230 1422 corporis
255 1346 435 1419 terribilique
461 1346 545 1416 facie,
567 1344 649 1420 quod
675 1356 710 1421 et¹
729 1347 812 1422 niger
836 1357 866 1404 et
886 1348 993 1421 capilli)
1015 1348 1103 1423 louge

94 1454 248 1529 barbaque
270 1462 333 1510 erat
354 1458 506 1527 premisse,
525 1453 639 1527 optime
659 1462 741 1510 veste
762 1453 843 1524 texit,
858 1471 947 1527 quam
969 1465 1103 1528 satrapae
1128 1481 1154 1511 10

94 1559 169 1634 regii
196 1577 299 1634 gerere
328 1563 514 1630 censuerant,
544 1559 658 1616 ema-ivit
685 1559 775 1615 etiam
803 1569 908 1633 torque
939 1569 1027 1634 atque
1057 1578 1101 1616 ar-

94 1664 183 1722 millis
211 1671 305 1722 aureis
334 1668 493 1738 ceteroque
522 1663 604 1739 regie
631 1664 731 1735 cultri;
767 1665 831 1738 ipse
858 1671 965 1739 agresti
993 1666 1104 1741 duplici

94 1771 227 1828 amicule
259 1769 459 1828 circumdatus
494 1770 627 1844 hirtaeque
663 1770 772 1841 tunice,
800 1775 904 1844 gerens
939 1771 970 1828 in
1004 1772 1103 1846 capite

93 1877 213 1952 galeam
233 1877 425 1946 veneteriam,
444 1874 548 1932 dextre
569 1880 658 1932 manfr
678 1876 801 1947 clavam,
821 1877 936 1934 sinistra
955 1878 1103 1952 cepulam,

94 1985 137 2040 ita
158 1983 290 2040 vinctum
314 1992 382 2038 ante
403 1985 435 2038 se
455 1981 613 2056 Thuynem
634 1982 750 2056 agebat,
768 1993 800 2039 ut
821 1989 845 2039 si
866 1983 956 2040 seram
978 1984 1101 2042 bestiam
1127 2006 1152 2053 ¹5

55 2140 58 2146 .
95 2097 219 2163 captam
252 2086 383 2146 duceret.
445 2087 530 2161 Quae
558 2105 626 2145 cum
656 2092 761 2146 omues
789 2078 955 2163 aspicerent
981 2099 1104 2165 propter

95 2194 261 2252 novitatem
289 2198 408 2251 ernetus
436 2199 628 2269 ignetamque
657 2194 787 2252 fermam
816 2196 857 2253 ob
886 2214 1011 2270 eamque
1040 2215 1104 2253 rem

97 2306 223 2375 magnus
257 2310 335 2357 esset
373 2317 541 2370 concursus,
566 2298 620 2354 fuit
647 2302 709 2354 nen
734 2303 824 2355 neme
852 2304 902 2371 qui
930 2306 1105 2373 ignesceret

94 2406 207 2479 Thuyn
233 2410 352 2480 regique
380 2405 536 2463 nirntieret.
595 2405 692 2461 Prime
720 2410 782 2462 nen
813 2404 977 2463 accredidit
1004 2406 1103 2480 itaque

97 2510 320 2568 Pharnabazum
345 2510 423 2568 misit
443 2510 636 2584 expleretum.
1126 2537 1155 2568 ιο

140 2602 167 2673 Ᾰ
196 2621 255 2690 que
282 2624 314 2673 ut
342 2634 405 2673 rem
429 2625 543 2691 gestam
567 2615 723 2691 comperit,
749 2615 848 2673 statim
871 2615 989 2673 admitti
1012 2616 1103 2689 iussit,

97 2725 210 2796 megae
234 2738 325 2795 opere
350 2720 514 2779 delectetus
539 2738 607 2777 cum
632 2720 713 2779 facte
737 2730 799 2778 tum
824 2726 938 2793 emate,
963 2722 1104 2796 imprimis

96 2825 183 2901 quod
210 2825 318 2884 nebilis
346 2830 397 2883 rex
423 2826 454 2883 in
481 2832 660 2901 potestatem
684 2826 850 2901 inopinanti
873 2830 1001 2885 venerat.
1045 2830 1103 2885 Ita-

96 2950 159 3006 que
184 2931 340 3006 megnifice
366 2932 513 2989 Datamen
535 2930 679 2988 denetum
702 2931 742 2989 ad
763 2931 925 2990 exercitum
946 2933 1032 3004 misit,
1054 2941 1105 3008 qui

97 3047 163 3095 tum
199 3036 426 3094 contrahebatur
463 3035 541 3094 duce
576 3036 766 3095 Pharnabeze
801 3049 831 3095 et
864 3037 1030 3095 Tithrauste
1065 3039 1104 3097 ad
1126 3065 1153 3112 25

97 3141 212 3200 bellum
236 3142 423 3217 Aegyptium,
448 3149 570 3217 parique
595 3160 663 3199 eum
686 3152 776 3216 atque
800 3143 865 3199 illes
888 3142 1015 3217 imperie
1040 3162 1104 3201 esse

97 3246 193 3305 iussit.
235 3248 343 3304 Posteri
364 3251 434 3305 vere
458 3264 548 3321 quam
573 3246 793 3306 Pharnabazum
814 3252 866 3305 rex
886 3248 1044 3322 revocevit,
1065 3250 1105 3307 illi

98 3369 217 3411 summa
237 3352 354 3426 imperii
375 3351 482 3410 tredita
503 3361 556 3410 est.
700 3424 712 3433 -

142 3458 196 3515 IV.
226 3457 285 3515 Hic
321 3474 389 3515 cum
425 3458 554 3515 mexime
589 3457 687 3516 studii)
722 3466 908 3532 compareret
942 3460 1104 3519 exercitum

98 3566 328 3639 Aegyptumque
349 3564 496 3638 proficisci
517 3569 641 3637 pareret,
658 3563 756 3622 subite
777 3570 795 3621 a
814 3569 883 3640 rege
903 3565 1017 3623 litterae
1037 3577 1105 3624 sunt
1126 3596 1154 3641 30

99 3675 128 3727 ei
150 3674 266 3739 missae,
286 3677 319 3727 ut
338 3668 442 3743 Aspim
462 3668 679 3744 aggrederetur,
697 3676 748 3744 qui
769 3670 942 3728 Cataoniam
964 3671 1103 3744 tenebat3

100 3792 179 3863 quae
216 3777 287 3865 gens
317 3774 395 3845 iacet
426 3780 513 3853 supre
545 3774 689 3846 Ciliciam,
719 3774 849 3833 centenis
880 3775 1102 3851 Cappadociae.
