<?xml version="1.0" encoding="UTF-8"?>
<!DOCTYPE html PUBLIC "-//W3C//DTD XHTML 1.0 Transitional//EN"
    "http://www.w3.org/TR/xhtml1/DTD/xhtml1-transitional.dtd">
<html xmlns="http://www.w3.org/1999/xhtml" xml:lang="en" lang="en">
 <head>
  <title>
</title>
<meta http-equiv="Content-Type" content="text/html;charset=utf-8" />
  <meta name='ocr-system' content='tesseract 3.04.00' />
  <meta name='ocr-capabilities' content='ocr_page ocr_carea ocr_par ocr_line ocrx_word'/>
</head>
<body>
  <div class='ocr_page' id='page_1' title='image "./corneliinepotis26nepogoog_0074.png"; bbox 0 0 2817 4250; ppageno 0'>
   <div class='ocr_carea' id='block_1_1' title="bbox 212 317 1271 391">
    <p class='ocr_par' dir='ltr' id='par_1_1' title="bbox 212 317 1271 391">
     <span class='ocr_line' id='line_1_1' title="bbox 212 317 1271 391; baseline -0.002 -15"><span class='ocrx_word' id='word_1_1' title='bbox 212 317 254 391; x_wconf 86' lang='lat'>48</span> <span class='ocrx_word' id='word_1_2' title='bbox 506 325 674 375; x_wconf 74' lang='lat' dir='ltr'>connum</span> <span class='ocrx_word' id='word_1_3' title='bbox 698 325 846 375; x_wconf 77' lang='lat' dir='ltr'>nsrorrs</span> <span class='ocrx_word' id='word_1_4' title='bbox 869 326 976 375; x_wconf 78' lang='lat' dir='ltr'>vrrns</span> <span class='ocrx_word' id='word_1_5' title='bbox 1218 325 1271 390; x_wconf 79' lang='lat' dir='ltr'>[vr.</span> 
     </span>
    </p>
   </div>
   <div class='ocr_carea' id='block_1_2' title="bbox 174 496 1276 3849">
    <p class='ocr_par' dir='ltr' id='par_1_2' title="bbox 217 496 1276 2055">
     <span class='ocr_line' id='line_1_2' title="bbox 265 496 1275 573; baseline 0.003 -20"><span class='ocrx_word' id='word_1_6' title='bbox 265 497 358 554; x_wconf 86' lang='lat' dir='ltr'>sectus</span> <span class='ocrx_word' id='word_1_7' title='bbox 378 503 591 573; x_wconf 78' lang='lat' dir='ltr'>oppognotnm,</span> <span class='ocrx_word' id='word_1_8' title='bbox 613 496 694 573; x_wconf 91' lang='lat' dir='ltr'>quod</span> <span class='ocrx_word' id='word_1_9' title='bbox 717 498 853 556; x_wconf 91' lang='lat' dir='ltr'>omnibus</span> <span class='ocrx_word' id='word_1_10' title='bbox 874 498 1009 573; x_wconf 89' lang='lat' dir='ltr'>gentibus</span> <span class='ocrx_word' id='word_1_11' title='bbox 1031 497 1204 556; x_wconf 76' lang='lat' dir='ltr'>admirobile</span> <span class='ocrx_word' id='word_1_12' title='bbox 1227 509 1275 556; x_wconf 91' lang='lat' dir='ltr'>est</span> 
     </span>
     <span class='ocr_line' id='line_1_3' title="bbox 263 584 1274 679; baseline 0.002 -20"><span class='ocrx_word' id='word_1_13' title='bbox 263 609 366 674; x_wconf 90' lang='lat' dir='ltr'>visum,</span> <span class='ocrx_word' id='word_1_14' title='bbox 389 584 466 662; x_wconf 82' lang='lat' dir='ltr'>adeo</span> <span class='ocrx_word' id='word_1_15' title='bbox 495 603 579 660; x_wconf 88' lang='lat' dir='ltr'>facile</span> <span class='ocrx_word' id='word_1_16' title='bbox 608 604 743 678; x_wconf 92' lang='lat' dir='ltr'>perculit,</span> <span class='ocrx_word' id='word_1_17' title='bbox 765 614 797 660; x_wconf 93' lang='lat' dir='ltr'>ut</span> <span class='ocrx_word' id='word_1_18' title='bbox 825 614 892 677; x_wconf 93' lang='lat' dir='ltr'>post</span> <span class='ocrx_word' id='word_1_19' title='bbox 920 603 1000 662; x_wconf 90' lang='lat' dir='ltr'>diem</span> <span class='ocrx_word' id='word_1_20' title='bbox 1029 604 1158 676; x_wconf 88' lang='lat' dir='ltr'>tertium,</span> <span class='ocrx_word' id='word_1_21' title='bbox 1180 622 1274 679; x_wconf 90' lang='lat' dir='ltr'>quam</span> 
     </span>
     <span class='ocr_line' id='line_1_4' title="bbox 264 709 1276 786; baseline 0.001 -19"><span class='ocrx_word' id='word_1_22' title='bbox 264 709 393 768; x_wconf 90' lang='lat' dir='ltr'>Siciliam</span> <span class='ocrx_word' id='word_1_23' title='bbox 421 710 566 784; x_wconf 85' lang='lat' dir='ltr'>attigerat,</span> <span class='ocrx_word' id='word_1_24' title='bbox 594 710 749 784; x_wconf 76' lang='lat' dir='ltr'>Syrocirsos</span> <span class='ocrx_word' id='word_1_25' title='bbox 778 709 932 767; x_wconf 86' lang='lat' dir='ltr'>introierit.</span> <span class='ocrx_word' id='word_1_26' title='bbox 980 711 1024 767; x_wconf 89' lang='lat' dir='ltr'>Ex</span> <span class='ocrx_word' id='word_1_27' title='bbox 1052 716 1112 785; x_wconf 93' lang='lat' dir='ltr'>quo</span> <span class='ocrx_word' id='word_1_28' title='bbox 1140 711 1276 786; x_wconf 84' lang='lat' dir='ltr'>intellegi</span> 
     </span>
     <span class='ocr_line' id='line_1_5' title="bbox 260 813 1276 890; baseline 0.002 -18"><span class='ocrx_word' id='word_1_29' title='bbox 260 813 363 890; x_wconf 76' lang='lat' dir='ltr'>¹potest</span> <span class='ocrx_word' id='word_1_30' title='bbox 400 816 510 873; x_wconf 78' lang='lat' dir='ltr'>millum</span> <span class='ocrx_word' id='word_1_31' title='bbox 550 832 614 872; x_wconf 91' lang='lat' dir='ltr'>esse</span> <span class='ocrx_word' id='word_1_32' title='bbox 649 815 806 889; x_wconf 89' lang='lat' dir='ltr'>imperium</span> <span class='ocrx_word' id='word_1_33' title='bbox 842 821 937 873; x_wconf 85' lang='lat' dir='ltr'>totum</span> <span class='ocrx_word' id='word_1_34' title='bbox 972 817 1028 874; x_wconf 91' lang='lat' dir='ltr'>nisi</span> <span class='ocrx_word' id='word_1_35' title='bbox 1063 817 1276 874; x_wconf 72' lang='lat' dir='ltr'>benevolentior</span> 
     </span>
     <span class='ocr_line' id='line_1_6' title="bbox 229 910 1276 997; baseline 0.002 -19"><span class='ocrx_word' id='word_1_36' title='bbox 229 948 240 995; x_wconf 87' lang='lat'>5</span> <span class='ocrx_word' id='word_1_37' title='bbox 265 926 419 980; x_wconf 84' lang='lat' dir='ltr'>momtum.</span> <span class='ocrx_word' id='word_1_38' title='bbox 475 923 520 978; x_wconf 92' lang='lat' dir='ltr'>Eo</span> <span class='ocrx_word' id='word_1_39' title='bbox 555 930 689 996; x_wconf 93' lang='lat' dir='ltr'>tempore</span> <span class='ocrx_word' id='word_1_40' title='bbox 725 922 827 979; x_wconf 87' lang='lat' dir='ltr'>aberat</span> <span class='ocrx_word' id='word_1_41' title='bbox 863 922 1021 997; x_wconf 72' lang='lat' dir='ltr'>Dionysius</span> <span class='ocrx_word' id='word_1_42' title='bbox 1056 932 1086 980; x_wconf 89' lang='lat' dir='ltr'>et</span> <span class='ocrx_word' id='word_1_43' title='bbox 1120 923 1151 979; x_wconf 93' lang='lat' dir='ltr'>in</span> <span class='ocrx_word' id='word_1_44' title='bbox 1183 910 1276 980; x_wconf 70' lang='lat' dir='ltr'>italio</span> 
     </span>
     <span class='ocr_line' id='line_1_7' title="bbox 265 1026 1275 1102; baseline 0.003 -19"><span class='ocrx_word' id='word_1_45' title='bbox 265 1026 389 1084; x_wconf 88' lang='lat' dir='ltr'>classem</span> <span class='ocrx_word' id='word_1_46' title='bbox 414 1026 623 1102; x_wconf 73' lang='lat' dir='ltr'>opperiobotur</span> <span class='ocrx_word' id='word_1_47' title='bbox 651 1026 894 1099; x_wconf 78' lang='lat' dir='ltr'>adversoriorum,</span> <span class='ocrx_word' id='word_1_48' title='bbox 919 1037 998 1086; x_wconf 91' lang='lat' dir='ltr'>ratus</span> <span class='ocrx_word' id='word_1_49' title='bbox 1026 1029 1178 1086; x_wconf 79' lang='lat' dir='ltr'>nominem</span> <span class='ocrx_word' id='word_1_50' title='bbox 1207 1029 1275 1086; x_wconf 90' lang='lat' dir='ltr'>sine</span> 
     </span>
     <span class='ocr_line' id='line_1_8' title="bbox 266 1131 1275 1208; baseline 0.003 -19"><span class='ocrx_word' id='word_1_51' title='bbox 266 1142 377 1208; x_wconf 72' lang='lat' dir='ltr'>magnis</span> <span class='ocrx_word' id='word_1_52' title='bbox 405 1133 499 1207; x_wconf 90' lang='lat' dir='ltr'>copiis</span> <span class='ocrx_word' id='word_1_53' title='bbox 527 1131 565 1190; x_wconf 88' lang='lat' dir='ltr'>ad</span> <span class='ocrx_word' id='word_1_54' title='bbox 594 1137 626 1190; x_wconf 75' lang='lat' dir='ltr'>so</span> <span class='ocrx_word' id='word_1_55' title='bbox 653 1138 819 1190; x_wconf 87' lang='lat' dir='ltr'>ventorum.</span> <span class='ocrx_word' id='word_1_56' title='bbox 862 1134 948 1207; x_wconf 87' lang='lat' dir='ltr'>Quae</span> <span class='ocrx_word' id='word_1_57' title='bbox 977 1139 1022 1191; x_wconf 80' lang='lat' dir='ltr'>ros</span> <span class='ocrx_word' id='word_1_58' title='bbox 1051 1152 1119 1192; x_wconf 90' lang='lat' dir='ltr'>eum</span> <span class='ocrx_word' id='word_1_59' title='bbox 1148 1134 1275 1207; x_wconf 81' lang='lat' dir='ltr'>fefellit3</span> 
     </span>
     <span class='ocr_line' id='line_1_9' title="bbox 265 1237 1275 1315; baseline 0.002 -19"><span class='ocrx_word' id='word_1_60' title='bbox 265 1256 335 1296; x_wconf 92' lang='lat' dir='ltr'>narn</span> <span class='ocrx_word' id='word_1_61' title='bbox 360 1238 440 1295; x_wconf 91' lang='lat' dir='ltr'>Dion</span> <span class='ocrx_word' id='word_1_62' title='bbox 457 1244 499 1296; x_wconf 91' lang='lat' dir='ltr'>eis</span> <span class='ocrx_word' id='word_1_63' title='bbox 523 1237 602 1313; x_wconf 66' lang='lat' dir='ltr'>ipsis</span> <span class='ocrx_word' id='word_1_64' title='bbox 625 1247 674 1312; x_wconf 88' lang='lat' dir='ltr'>qui</span> <span class='ocrx_word' id='word_1_65' title='bbox 703 1238 758 1297; x_wconf 92' lang='lat' dir='ltr'>sub</span> <span class='ocrx_word' id='word_1_66' title='bbox 785 1238 944 1297; x_wconf 76' lang='lat' dir='ltr'>adversorii</span> <span class='ocrx_word' id='word_1_67' title='bbox 970 1239 1085 1297; x_wconf 87' lang='lat' dir='ltr'>fuerant</span> <span class='ocrx_word' id='word_1_68' title='bbox 1112 1245 1275 1315; x_wconf 70' lang='lat' dir='ltr'>potestate,</span> 
     </span>
     <span class='ocr_line' id='line_1_10' title="bbox 265 1344 1275 1422; baseline 0.002 -20"><span class='ocrx_word' id='word_1_69' title='bbox 265 1344 362 1419; x_wconf 73' lang='lat' dir='ltr'>rogios</span> <span class='ocrx_word' id='word_1_70' title='bbox 385 1344 501 1418; x_wconf 73' lang='lat' dir='ltr'>spiritis</span> <span class='ocrx_word' id='word_1_71' title='bbox 525 1344 664 1418; x_wconf 83' lang='lat' dir='ltr'>repressit</span> <span class='ocrx_word' id='word_1_72' title='bbox 689 1349 837 1418; x_wconf 89' lang='lat' dir='ltr'>totiusque</span> <span class='ocrx_word' id='word_1_73' title='bbox 863 1345 925 1402; x_wconf 76' lang='lat' dir='ltr'>oius</span> <span class='ocrx_word' id='word_1_74' title='bbox 946 1347 1037 1420; x_wconf 91' lang='lat' dir='ltr'>partis</span> <span class='ocrx_word' id='word_1_75' title='bbox 1057 1347 1173 1404; x_wconf 88' lang='lat' dir='ltr'>Siciliae</span> <span class='ocrx_word' id='word_1_76' title='bbox 1195 1353 1275 1422; x_wconf 92' lang='lat' dir='ltr'>poti-</span> 
     </span>
     <span class='ocr_line' id='line_1_11' title="bbox 217 1450 1276 1526; baseline 0.003 -19"><span class='ocrx_word' id='word_1_77' title='bbox 217 1460 312 1515; x_wconf 77' lang='lat' dir='ltr'>10tus</span> <span class='ocrx_word' id='word_1_78' title='bbox 334 1459 387 1522; x_wconf 88' lang='lat' dir='ltr'>est,</span> <span class='ocrx_word' id='word_1_79' title='bbox 409 1467 485 1524; x_wconf 88' lang='lat' dir='ltr'>quae</span> <span class='ocrx_word' id='word_1_80' title='bbox 506 1450 561 1508; x_wconf 91' lang='lat' dir='ltr'>sub</span> <span class='ocrx_word' id='word_1_81' title='bbox 583 1450 718 1525; x_wconf 76' lang='lat' dir='ltr'>Dionysii</span> <span class='ocrx_word' id='word_1_82' title='bbox 740 1451 834 1508; x_wconf 83' lang='lat' dir='ltr'>fuerat</span> <span class='ocrx_word' id='word_1_83' title='bbox 854 1457 1013 1526; x_wconf 70' lang='lat' dir='ltr'>potestate,</span> <span class='ocrx_word' id='word_1_84' title='bbox 1035 1459 1156 1526; x_wconf 90' lang='lat' dir='ltr'>parique</span> <span class='ocrx_word' id='word_1_85' title='bbox 1177 1453 1276 1512; x_wconf 90' lang='lat' dir='ltr'>modo</span> 
     </span>
     <span class='ocr_line' id='line_1_12' title="bbox 265 1556 1275 1631; baseline 0.004 -19"><span class='ocrx_word' id='word_1_86' title='bbox 265 1556 344 1614; x_wconf 91' lang='lat' dir='ltr'>urbis</span> <span class='ocrx_word' id='word_1_87' title='bbox 372 1556 578 1631; x_wconf 72' lang='lat' dir='ltr'>Syracusarum</span> <span class='ocrx_word' id='word_1_88' title='bbox 607 1565 724 1631; x_wconf 89' lang='lat' dir='ltr'>praeter</span> <span class='ocrx_word' id='word_1_89' title='bbox 751 1574 850 1614; x_wconf 92' lang='lat' dir='ltr'>arcem</span> <span class='ocrx_word' id='word_1_90' title='bbox 879 1566 909 1614; x_wconf 89' lang='lat' dir='ltr'>et</span> <span class='ocrx_word' id='word_1_91' title='bbox 940 1557 1065 1614; x_wconf 90' lang='lat' dir='ltr'>insulam</span> <span class='ocrx_word' id='word_1_92' title='bbox 1100 1557 1275 1616; x_wconf 85' lang='lat' dir='ltr'>adionctam</span> 
     </span>
     <span class='ocr_line' id='line_1_13' title="bbox 266 1661 1274 1739; baseline 0.001 -19"><span class='ocrx_word' id='word_1_93' title='bbox 266 1661 389 1737; x_wconf 89' lang='lat' dir='ltr'>oppido,</span> <span class='ocrx_word' id='word_1_94' title='bbox 407 1667 503 1737; x_wconf 90' lang='lat' dir='ltr'>eoque</span> <span class='ocrx_word' id='word_1_95' title='bbox 525 1681 587 1719; x_wconf 92' lang='lat' dir='ltr'>rem</span> <span class='ocrx_word' id='word_1_96' title='bbox 609 1661 757 1737; x_wconf 84' lang='lat' dir='ltr'>perdoxit,</span> <span class='ocrx_word' id='word_1_97' title='bbox 772 1672 805 1720; x_wconf 91' lang='lat' dir='ltr'>ut</span> <span class='ocrx_word' id='word_1_98' title='bbox 827 1662 933 1721; x_wconf 79' lang='lat' dir='ltr'>tolibus</span> <span class='ocrx_word' id='word_1_99' title='bbox 954 1664 1141 1738; x_wconf 81' lang='lat' dir='ltr'>pactionibus</span> <span class='ocrx_word' id='word_1_100' title='bbox 1163 1670 1274 1739; x_wconf 77' lang='lat' dir='ltr'>pocem</span> 
     </span>
     <span class='ocr_line' id='line_1_14' title="bbox 267 1756 1275 1843; baseline 0.001 -17"><span class='ocrx_word' id='word_1_101' title='bbox 267 1779 405 1843; x_wconf 90' lang='lat' dir='ltr'>tyrannus</span> <span class='ocrx_word' id='word_1_102' title='bbox 433 1769 530 1826; x_wconf 87' lang='lat' dir='ltr'>facere</span> <span class='ocrx_word' id='word_1_103' title='bbox 557 1768 662 1826; x_wconf 90' lang='lat' dir='ltr'>vellet:</span> <span class='ocrx_word' id='word_1_104' title='bbox 699 1768 828 1826; x_wconf 89' lang='lat' dir='ltr'>Siciliam</span> <span class='ocrx_word' id='word_1_105' title='bbox 860 1769 939 1826; x_wconf 92' lang='lat' dir='ltr'>Dion</span> <span class='ocrx_word' id='word_1_106' title='bbox 969 1769 1124 1839; x_wconf 75' lang='lat' dir='ltr'>obtineret,</span> <span class='ocrx_word' id='word_1_107' title='bbox 1152 1756 1275 1828; x_wconf 84' lang='lat' dir='ltr'>ltaliam</span> 
     </span>
     <span class='ocr_line' id='line_1_15' title="bbox 267 1874 1276 1948; baseline 0 -16"><span class='ocrx_word' id='word_1_108' title='bbox 267 1875 434 1948; x_wconf 67' lang='lat' dir='ltr'>Dionysius,</span> <span class='ocrx_word' id='word_1_109' title='bbox 450 1875 606 1948; x_wconf 74' lang='lat' dir='ltr'>Syrocirsos</span> <span class='ocrx_word' id='word_1_110' title='bbox 628 1874 842 1948; x_wconf 75' lang='lat' dir='ltr'>Apollocrates,</span> <span class='ocrx_word' id='word_1_111' title='bbox 859 1881 907 1932; x_wconf 92' lang='lat' dir='ltr'>cui</span> <span class='ocrx_word' id='word_1_112' title='bbox 929 1875 1086 1932; x_wconf 72' lang='lat' dir='ltr'>moximam</span> <span class='ocrx_word' id='word_1_113' title='bbox 1108 1874 1200 1932; x_wconf 89' lang='lat' dir='ltr'>fidem</span> <span class='ocrx_word' id='word_1_114' title='bbox 1222 1881 1276 1934; x_wconf 81' lang='lat' dir='ltr'>oni</span> 
     </span>
     <span class='ocr_line' id='line_1_16' title="bbox 218 1980 586 2055; baseline -0.005 -15"><span class='ocrx_word' id='word_1_115' title='bbox 218 2007 242 2055; x_wconf 79' lang='grc' dir='ltr'>ις</span> <span class='ocrx_word' id='word_1_116' title='bbox 267 1980 396 2039; x_wconf 79' lang='lat' dir='ltr'>habobat</span> <span class='ocrx_word' id='word_1_117' title='bbox 419 1981 586 2054; x_wconf 69' lang='lat' dir='ltr'>Dionysius.</span> 
     </span>
    </p>

    <p class='ocr_par' dir='ltr' id='par_1_3' title="bbox 266 2086 1275 2480">
     <span class='ocr_line' id='line_1_17' title="bbox 306 2086 1275 2162; baseline 0.002 -19"><span class='ocrx_word' id='word_1_118' title='bbox 306 2087 359 2144; x_wconf 90' lang='lat' dir='ltr'>VI.</span> <span class='ocrx_word' id='word_1_119' title='bbox 390 2088 454 2145; x_wconf 76' lang='lat' dir='ltr'>Hos</span> <span class='ocrx_word' id='word_1_120' title='bbox 483 2096 542 2144; x_wconf 91' lang='lat' dir='ltr'>tam</span> <span class='ocrx_word' id='word_1_121' title='bbox 570 2092 726 2161; x_wconf 76' lang='lat' dir='ltr'>prosperos</span> <span class='ocrx_word' id='word_1_122' title='bbox 755 2097 874 2162; x_wconf 90' lang='lat' dir='ltr'>tamque</span> <span class='ocrx_word' id='word_1_123' title='bbox 902 2086 1066 2161; x_wconf 74' lang='lat' dir='ltr'>inopinotos</span> <span class='ocrx_word' id='word_1_124' title='bbox 1091 2091 1137 2145; x_wconf 82' lang='lat' dir='ltr'>ros</span> <span class='ocrx_word' id='word_1_125' title='bbox 1165 2092 1275 2145; x_wconf 92' lang='lat' dir='ltr'>conse-</span> 
     </span>
     <span class='ocr_line' id='line_1_18' title="bbox 266 2192 1275 2267; baseline 0.001 -17"><span class='ocrx_word' id='word_1_126' title='bbox 266 2198 335 2251; x_wconf 84' lang='lat' dir='ltr'>cirta</span> <span class='ocrx_word' id='word_1_127' title='bbox 359 2202 403 2251; x_wconf 89' lang='lat' dir='ltr'>est</span> <span class='ocrx_word' id='word_1_128' title='bbox 425 2193 522 2251; x_wconf 88' lang='lat' dir='ltr'>subita</span> <span class='ocrx_word' id='word_1_129' title='bbox 547 2193 750 2264; x_wconf 74' lang='lat' dir='ltr'>commototio,</span> <span class='ocrx_word' id='word_1_130' title='bbox 771 2192 853 2267; x_wconf 90' lang='lat' dir='ltr'>quod</span> <span class='ocrx_word' id='word_1_131' title='bbox 874 2192 996 2251; x_wconf 84' lang='lat' dir='ltr'>fortona</span> <span class='ocrx_word' id='word_1_132' title='bbox 1022 2199 1074 2250; x_wconf 74' lang='lat' dir='ltr'>suo</span> <span class='ocrx_word' id='word_1_133' title='bbox 1098 2193 1275 2262; x_wconf 75' lang='lat' dir='ltr'>mobilitate,</span> 
     </span>
     <span class='ocr_line' id='line_1_19' title="bbox 266 2298 1275 2373; baseline 0.001 -17"><span class='ocrx_word' id='word_1_134' title='bbox 266 2316 356 2373; x_wconf 88' lang='lat' dir='ltr'>quem</span> <span class='ocrx_word' id='word_1_135' title='bbox 384 2298 472 2372; x_wconf 88' lang='lat' dir='ltr'>paulo</span> <span class='ocrx_word' id='word_1_136' title='bbox 500 2308 568 2355; x_wconf 87' lang='lat' dir='ltr'>ante</span> <span class='ocrx_word' id='word_1_137' title='bbox 597 2299 750 2370; x_wconf 87' lang='lat' dir='ltr'>extulerat,</span> <span class='ocrx_word' id='word_1_138' title='bbox 779 2298 952 2373; x_wconf 71' lang='lat' dir='ltr'>demergere</span> <span class='ocrx_word' id='word_1_139' title='bbox 981 2309 1026 2357; x_wconf 89' lang='lat' dir='ltr'>est</span> <span class='ocrx_word' id='word_1_140' title='bbox 1054 2299 1166 2357; x_wconf 89' lang='lat' dir='ltr'>adorta.</span> <span class='ocrx_word' id='word_1_141' title='bbox 1212 2303 1275 2358; x_wconf 90' lang='lat' dir='ltr'>Pri-</span> 
     </span>
     <span class='ocr_line' id='line_1_20' title="bbox 267 2403 1274 2480; baseline 0.002 -19"><span class='ocrx_word' id='word_1_142' title='bbox 267 2422 348 2461; x_wconf 92' lang='lat' dir='ltr'>mum</span> <span class='ocrx_word' id='word_1_143' title='bbox 376 2405 406 2461; x_wconf 93' lang='lat' dir='ltr'>in</span> <span class='ocrx_word' id='word_1_144' title='bbox 434 2403 508 2473; x_wconf 88' lang='lat' dir='ltr'>filio,</span> <span class='ocrx_word' id='word_1_145' title='bbox 539 2403 577 2461; x_wconf 81' lang='lat' dir='ltr'>do</span> <span class='ocrx_word' id='word_1_146' title='bbox 608 2408 667 2478; x_wconf 94' lang='lat' dir='ltr'>quo</span> <span class='ocrx_word' id='word_1_147' title='bbox 702 2410 934 2462; x_wconf 78' lang='lat' dir='ltr'>commemorovi</span> <span class='ocrx_word' id='word_1_148' title='bbox 968 2411 1065 2480; x_wconf 72' lang='lat' dir='ltr'>supro,</span> <span class='ocrx_word' id='word_1_149' title='bbox 1094 2424 1176 2463; x_wconf 89' lang='lat' dir='ltr'>suam</span> <span class='ocrx_word' id='word_1_150' title='bbox 1213 2406 1274 2463; x_wconf 87' lang='lat' dir='ltr'>vim</span> 
     </span>
    </p>

    <p class='ocr_par' dir='ltr' id='par_1_4' title="bbox 174 2508 1276 3849">
     <span class='ocr_line' id='line_1_21' title="bbox 216 2508 1276 2585; baseline -0.001 -16"><span class='ocrx_word' id='word_1_151' title='bbox 216 2526 245 2569; x_wconf 69' lang='lat' dir='ltr'>aa</span> <span class='ocrx_word' id='word_1_152' title='bbox 267 2510 407 2568; x_wconf 89' lang='lat' dir='ltr'>exercuit.</span> <span class='ocrx_word' id='word_1_153' title='bbox 451 2509 529 2566; x_wconf 92' lang='lat' dir='ltr'>Nam</span> <span class='ocrx_word' id='word_1_154' title='bbox 555 2527 623 2566; x_wconf 89' lang='lat' dir='ltr'>curn</span> <span class='ocrx_word' id='word_1_155' title='bbox 649 2514 771 2566; x_wconf 84' lang='lat' dir='ltr'>uxorem</span> <span class='ocrx_word' id='word_1_156' title='bbox 800 2508 972 2581; x_wconf 76' lang='lat' dir='ltr'>redonisset,</span> <span class='ocrx_word' id='word_1_157' title='bbox 997 2528 1074 2585; x_wconf 89' lang='lat' dir='ltr'>quae</span> <span class='ocrx_word' id='word_1_158' title='bbox 1101 2510 1150 2568; x_wconf 89' lang='lat' dir='ltr'>alii</span> <span class='ocrx_word' id='word_1_159' title='bbox 1178 2510 1276 2569; x_wconf 88' lang='lat' dir='ltr'>fuerat</span> 
     </span>
     <span class='ocr_line' id='line_1_22' title="bbox 267 2613 1276 2692; baseline 0.001 -19"><span class='ocrx_word' id='word_1_160' title='bbox 267 2614 382 2685; x_wconf 75' lang='lat' dir='ltr'>trodita,</span> <span class='ocrx_word' id='word_1_161' title='bbox 411 2614 567 2688; x_wconf 81' lang='lat' dir='ltr'>liliumque</span> <span class='ocrx_word' id='word_1_162' title='bbox 595 2614 683 2671; x_wconf 92' lang='lat' dir='ltr'>vellet</span> <span class='ocrx_word' id='word_1_163' title='bbox 711 2621 847 2673; x_wconf 79' lang='lat' dir='ltr'>revocore</span> <span class='ocrx_word' id='word_1_164' title='bbox 877 2613 915 2672; x_wconf 91' lang='lat' dir='ltr'>ad</span> <span class='ocrx_word' id='word_1_165' title='bbox 943 2615 1081 2674; x_wconf 84' lang='lat' dir='ltr'>virtotem</span> <span class='ocrx_word' id='word_1_166' title='bbox 1110 2622 1129 2673; x_wconf 78' lang='lat' dir='ltr'>o</span> <span class='ocrx_word' id='word_1_167' title='bbox 1154 2616 1276 2692; x_wconf 77' lang='lat' dir='ltr'>perdito</span> 
     </span>
     <span class='ocr_line' id='line_1_23' title="bbox 266 2720 1274 2795; baseline 0.003 -18"><span class='ocrx_word' id='word_1_168' title='bbox 266 2720 389 2791; x_wconf 75' lang='lat' dir='ltr'>loxurio,</span> <span class='ocrx_word' id='word_1_169' title='bbox 418 2720 535 2793; x_wconf 79' lang='lat' dir='ltr'>accopit</span> <span class='ocrx_word' id='word_1_170' title='bbox 564 2720 766 2794; x_wconf 87' lang='lat' dir='ltr'>gravissimum</span> <span class='ocrx_word' id='word_1_171' title='bbox 797 2724 903 2795; x_wconf 74' lang='lat' dir='ltr'>parons</span> <span class='ocrx_word' id='word_1_172' title='bbox 936 2720 1041 2779; x_wconf 88' lang='lat' dir='ltr'>vulnus</span> <span class='ocrx_word' id='word_1_173' title='bbox 1076 2731 1171 2779; x_wconf 85' lang='lat' dir='ltr'>morte</span> <span class='ocrx_word' id='word_1_174' title='bbox 1206 2722 1274 2781; x_wconf 81' lang='lat' dir='ltr'>mir.</span> 
     </span>
     <span class='ocr_line' id='line_1_24' title="bbox 174 2824 1274 2902; baseline 0.003 -20"><span class='ocrx_word' id='word_1_175' title='bbox 174 2848 199 2857; x_wconf 90' lang='lat'>··</span> <span class='ocrx_word' id='word_1_176' title='bbox 267 2825 386 2883; x_wconf 90' lang='lat' dir='ltr'>Deinde</span> <span class='ocrx_word' id='word_1_177' title='bbox 410 2834 475 2883; x_wconf 91' lang='lat' dir='ltr'>orta</span> <span class='ocrx_word' id='word_1_178' title='bbox 499 2824 643 2882; x_wconf 73' lang='lat' dir='ltr'>dissensio</span> <span class='ocrx_word' id='word_1_179' title='bbox 669 2834 713 2883; x_wconf 93' lang='lat' dir='ltr'>est</span> <span class='ocrx_word' id='word_1_180' title='bbox 737 2825 813 2883; x_wconf 87' lang='lat' dir='ltr'>inter</span> <span class='ocrx_word' id='word_1_181' title='bbox 837 2843 907 2883; x_wconf 90' lang='lat' dir='ltr'>eum</span> <span class='ocrx_word' id='word_1_182' title='bbox 931 2836 962 2883; x_wconf 91' lang='lat' dir='ltr'>et</span> <span class='ocrx_word' id='word_1_183' title='bbox 986 2825 1190 2900; x_wconf 74' lang='lat' dir='ltr'>Heraclidem,</span> <span class='ocrx_word' id='word_1_184' title='bbox 1212 2834 1274 2902; x_wconf 91' lang='lat' dir='ltr'>qui,</span> 
     </span>
     <span class='ocr_line' id='line_1_25' title="bbox 268 2930 1273 3008; baseline 0.002 -20"><span class='ocrx_word' id='word_1_185' title='bbox 268 2930 348 3006; x_wconf 92' lang='lat' dir='ltr'>quod</span> <span class='ocrx_word' id='word_1_186' title='bbox 378 2937 405 2987; x_wconf 93' lang='lat' dir='ltr'>ei</span> <span class='ocrx_word' id='word_1_187' title='bbox 433 2930 629 3005; x_wconf 76' lang='lat' dir='ltr'>principotum</span> <span class='ocrx_word' id='word_1_188' title='bbox 655 2935 715 2988; x_wconf 93' lang='lat' dir='ltr'>non</span> <span class='ocrx_word' id='word_1_189' title='bbox 739 2930 936 3003; x_wconf 78' lang='lat' dir='ltr'>concodobat,</span> <span class='ocrx_word' id='word_1_190' title='bbox 961 2931 1121 2990; x_wconf 84' lang='lat' dir='ltr'>factionem</span> <span class='ocrx_word' id='word_1_191' title='bbox 1149 2950 1273 3008; x_wconf 91' lang='lat' dir='ltr'>compa-</span> 
     </span>
     <span class='ocr_line' id='line_1_26' title="bbox 217 3035 1274 3113; baseline 0 -17"><span class='ocrx_word' id='word_1_192' title='bbox 217 3065 243 3112; x_wconf 83' lang='lat'>²5</span> <span class='ocrx_word' id='word_1_193' title='bbox 267 3036 349 3095; x_wconf 71' lang='lat' dir='ltr'>rovit.</span> <span class='ocrx_word' id='word_1_194' title='bbox 392 3036 498 3109; x_wconf 92' lang='lat' dir='ltr'>Neque</span> <span class='ocrx_word' id='word_1_195' title='bbox 526 3035 551 3092; x_wconf 92' lang='lat' dir='ltr'>is</span> <span class='ocrx_word' id='word_1_196' title='bbox 579 3035 674 3093; x_wconf 91' lang='lat' dir='ltr'>minus</span> <span class='ocrx_word' id='word_1_197' title='bbox 702 3036 819 3094; x_wconf 81' lang='lat' dir='ltr'>valobat</span> <span class='ocrx_word' id='word_1_198' title='bbox 846 3035 926 3111; x_wconf 89' lang='lat' dir='ltr'>apud</span> <span class='ocrx_word' id='word_1_199' title='bbox 951 3037 1120 3111; x_wconf 74' lang='lat' dir='ltr'>optimotos,</span> <span class='ocrx_word' id='word_1_200' title='bbox 1145 3043 1274 3113; x_wconf 89' lang='lat' dir='ltr'>quorum</span> 
     </span>
     <span class='ocr_line' id='line_1_27' title="bbox 268 3140 1274 3218; baseline 0.001 -18"><span class='ocrx_word' id='word_1_201' title='bbox 268 3146 414 3201; x_wconf 74' lang='lat' dir='ltr'>consonsir</span> <span class='ocrx_word' id='word_1_202' title='bbox 439 3151 572 3215; x_wconf 91' lang='lat' dir='ltr'>praeerat</span> <span class='ocrx_word' id='word_1_203' title='bbox 598 3140 692 3213; x_wconf 88' lang='lat' dir='ltr'>classi,</span> <span class='ocrx_word' id='word_1_204' title='bbox 715 3160 782 3199; x_wconf 90' lang='lat' dir='ltr'>eum</span> <span class='ocrx_word' id='word_1_205' title='bbox 809 3142 890 3199; x_wconf 89' lang='lat' dir='ltr'>Dion</span> <span class='ocrx_word' id='word_1_206' title='bbox 914 3143 1075 3200; x_wconf 87' lang='lat' dir='ltr'>exercitum</span> <span class='ocrx_word' id='word_1_207' title='bbox 1101 3142 1274 3218; x_wconf 89' lang='lat' dir='ltr'>pedestrem</span> 
     </span>
     <span class='ocr_line' id='line_1_28' title="bbox 268 3246 1273 3323; baseline 0 -18"><span class='ocrx_word' id='word_1_208' title='bbox 268 3252 398 3306; x_wconf 71' lang='lat' dir='ltr'>tenoret</span> <span class='ocrx_word' id='word_1_209' title='bbox 448 3248 520 3305; x_wconf 90' lang='lat' dir='ltr'>Non</span> <span class='ocrx_word' id='word_1_210' title='bbox 547 3246 611 3304; x_wconf 93' lang='lat' dir='ltr'>tulit</span> <span class='ocrx_word' id='word_1_211' title='bbox 640 3246 697 3304; x_wconf 92' lang='lat' dir='ltr'>hoc</span> <span class='ocrx_word' id='word_1_212' title='bbox 726 3247 825 3305; x_wconf 88' lang='lat' dir='ltr'>animo</span> <span class='ocrx_word' id='word_1_213' title='bbox 852 3252 949 3323; x_wconf 91' lang='lat' dir='ltr'>aequo</span> <span class='ocrx_word' id='word_1_214' title='bbox 979 3249 1069 3320; x_wconf 91' lang='lat' dir='ltr'>Dion,</span> <span class='ocrx_word' id='word_1_215' title='bbox 1097 3258 1128 3306; x_wconf 92' lang='lat' dir='ltr'>et</span> <span class='ocrx_word' id='word_1_216' title='bbox 1154 3266 1273 3307; x_wconf 90' lang='lat' dir='ltr'>versum</span> 
     </span>
     <span class='ocr_line' id='line_1_29' title="bbox 267 3351 1274 3427; baseline 0.001 -17"><span class='ocrx_word' id='word_1_217' title='bbox 267 3353 349 3411; x_wconf 92' lang='lat' dir='ltr'>illum</span> <span class='ocrx_word' id='word_1_218' title='bbox 375 3354 503 3411; x_wconf 76' lang='lat' dir='ltr'>Homori</span> <span class='ocrx_word' id='word_1_219' title='bbox 527 3351 638 3410; x_wconf 89' lang='lat' dir='ltr'>rettulit</span> <span class='ocrx_word' id='word_1_220' title='bbox 662 3369 699 3409; x_wconf 90' lang='lat' dir='ltr'>ex</span> <span class='ocrx_word' id='word_1_221' title='bbox 722 3351 854 3410; x_wconf 75' lang='lat' dir='ltr'>secundo</span> <span class='ocrx_word' id='word_1_222' title='bbox 875 3352 1041 3427; x_wconf 78' lang='lat' dir='ltr'>rhapsodio,</span> <span class='ocrx_word' id='word_1_223' title='bbox 1063 3354 1094 3410; x_wconf 92' lang='lat' dir='ltr'>in</span> <span class='ocrx_word' id='word_1_224' title='bbox 1115 3359 1176 3427; x_wconf 91' lang='lat' dir='ltr'>quo</span> <span class='ocrx_word' id='word_1_225' title='bbox 1197 3354 1274 3411; x_wconf 91' lang='lat' dir='ltr'>haec</span> 
     </span>
     <span class='ocr_line' id='line_1_30' title="bbox 267 3457 1273 3534; baseline 0 -17"><span class='ocrx_word' id='word_1_226' title='bbox 267 3458 414 3517; x_wconf 90' lang='lat' dir='ltr'>sententia</span> <span class='ocrx_word' id='word_1_227' title='bbox 438 3468 500 3516; x_wconf 90' lang='lat' dir='ltr'>est:</span> <span class='ocrx_word' id='word_1_228' title='bbox 538 3462 599 3514; x_wconf 92' lang='lat' dir='ltr'>non</span> <span class='ocrx_word' id='word_1_229' title='bbox 623 3474 711 3533; x_wconf 89' lang='lat' dir='ltr'>posse</span> <span class='ocrx_word' id='word_1_230' title='bbox 739 3457 816 3515; x_wconf 91' lang='lat' dir='ltr'>bene</span> <span class='ocrx_word' id='word_1_231' title='bbox 844 3464 906 3533; x_wconf 88' lang='lat' dir='ltr'>geri</span> <span class='ocrx_word' id='word_1_232' title='bbox 932 3476 994 3516; x_wconf 90' lang='lat' dir='ltr'>rem</span> <span class='ocrx_word' id='word_1_233' title='bbox 1023 3459 1173 3534; x_wconf 81' lang='lat' dir='ltr'>poblicam</span> <span class='ocrx_word' id='word_1_234' title='bbox 1199 3460 1273 3517; x_wconf 88' lang='lat' dir='ltr'>mul-</span> 
     </span>
     <span class='ocr_line' id='line_1_31' title="bbox 217 3561 1274 3641; baseline -0.002 -16"><span class='ocrx_word' id='word_1_235' title='bbox 217 3595 245 3641; x_wconf 83' lang='lat'>30</span> <span class='ocrx_word' id='word_1_236' title='bbox 267 3569 364 3623; x_wconf 90' lang='lat' dir='ltr'>torum</span> <span class='ocrx_word' id='word_1_237' title='bbox 393 3563 532 3638; x_wconf 90' lang='lat' dir='ltr'>imperiis.</span> <span class='ocrx_word' id='word_1_238' title='bbox 578 3561 668 3636; x_wconf 87' lang='lat' dir='ltr'>Quod</span> <span class='ocrx_word' id='word_1_239' title='bbox 697 3561 810 3620; x_wconf 91' lang='lat' dir='ltr'>dictum</span> <span class='ocrx_word' id='word_1_240' title='bbox 839 3570 944 3638; x_wconf 77' lang='lat' dir='ltr'>mogna</span> <span class='ocrx_word' id='word_1_241' title='bbox 972 3562 1083 3622; x_wconf 88' lang='lat' dir='ltr'>invidia</span> <span class='ocrx_word' id='word_1_242' title='bbox 1110 3570 1274 3623; x_wconf 82' lang='lat' dir='ltr'>consecuta</span> 
     </span>
     <span class='ocr_line' id='line_1_32' title="bbox 269 3666 1273 3744; baseline 0 -16"><span class='ocrx_word' id='word_1_243' title='bbox 269 3679 330 3742; x_wconf 89' lang='lat' dir='ltr'>est;</span> <span class='ocrx_word' id='word_1_244' title='bbox 358 3685 487 3743; x_wconf 89' lang='lat' dir='ltr'>namque</span> <span class='ocrx_word' id='word_1_245' title='bbox 515 3667 663 3742; x_wconf 88' lang='lat' dir='ltr'>aperuisse</span> <span class='ocrx_word' id='word_1_246' title='bbox 688 3666 843 3726; x_wconf 78' lang='lat' dir='ltr'>vidobotur</span> <span class='ocrx_word' id='word_1_247' title='bbox 867 3668 967 3726; x_wconf 89' lang='lat' dir='ltr'>omnia</span> <span class='ocrx_word' id='word_1_248' title='bbox 991 3670 1021 3725; x_wconf 91' lang='lat' dir='ltr'>in</span> <span class='ocrx_word' id='word_1_249' title='bbox 1046 3676 1100 3727; x_wconf 74' lang='lat' dir='ltr'>suo</span> <span class='ocrx_word' id='word_1_250' title='bbox 1123 3676 1273 3744; x_wconf 78' lang='lat' dir='ltr'>potestote</span> 
     </span>
     <span class='ocr_line' id='line_1_33' title="bbox 269 3772 1275 3849; baseline 0 -16"><span class='ocrx_word' id='word_1_251' title='bbox 269 3793 332 3834; x_wconf 89' lang='lat' dir='ltr'>esse</span> <span class='ocrx_word' id='word_1_252' title='bbox 357 3774 441 3833; x_wconf 89' lang='lat' dir='ltr'>velle.</span> <span class='ocrx_word' id='word_1_253' title='bbox 484 3774 574 3831; x_wconf 91' lang='lat' dir='ltr'>Hanc</span> <span class='ocrx_word' id='word_1_254' title='bbox 597 3772 645 3830; x_wconf 88' lang='lat' dir='ltr'>ille</span> <span class='ocrx_word' id='word_1_255' title='bbox 667 3778 728 3830; x_wconf 91' lang='lat' dir='ltr'>non</span> <span class='ocrx_word' id='word_1_256' title='bbox 748 3773 839 3830; x_wconf 82' lang='lat' dir='ltr'>lonire</span> <span class='ocrx_word' id='word_1_257' title='bbox 860 3774 1013 3849; x_wconf 89' lang='lat' dir='ltr'>obsequio,</span> <span class='ocrx_word' id='word_1_258' title='bbox 1035 3774 1089 3833; x_wconf 93' lang='lat' dir='ltr'>sed</span> <span class='ocrx_word' id='word_1_259' title='bbox 1109 3775 1275 3834; x_wconf 79' lang='lat' dir='ltr'>acerbitote</span> 
     </span>
    </p>
   </div>
   <div class='ocr_carea' id='block_1_3' title="bbox 0 0 1414 4250">
    <p class='ocr_par' dir='ltr' id='par_1_5' title="bbox 0 0 1414 4250">
     <span class='ocr_line' id='line_1_34' title="bbox 0 0 1414 4250; baseline 0 0"><span class='ocrx_word' id='word_1_260' title='bbox 0 0 1414 4250; x_wconf 95' lang='lat' dir='ltr'> </span> 
     </span>
    </p>
   </div>
  </div>
 </body>
</html>
