2817 4250
542 335 713 385 CORNELII
736 335 884 385 NEPOTIS
907 335 1014 384 VITAE
1239 336 1299 399 [vu.

299 512 403 567 omnes
428 512 465 567 ee
491 508 659 584 praestabat
680 518 825 584 tempore,
848 508 1007 584 postuleret
1031 517 1062 565 ut
1084 509 1182 583 potius
1203 510 1300 567 amici·
1388 575 1389 578 Ἴ

299 614 370 673 tiam
404 625 598 691 sequerentur
623 615 800 687 Atticerum,
829 624 859 673 et
893 615 924 672 in
957 614 1091 672 eretiene
1126 621 1178 673 sue
1212 617 1302 674 multa

1389 1636 1390 1678 l

298 721 432 780 invectus
462 731 540 780 esset
569 723 602 780 in
630 722 792 782 Thebenes
827 731 857 779 et
887 722 1009 796 Argives
1044 721 1075 778 in
1109 727 1210 796 eisque
1246 721 1302 780 hec

299 829 454 904 posuisset,
482 829 613 887 animum
642 828 795 887 advertere
824 828 934 900 debere
955 827 1087 885 Arcades
1108 829 1210 902 queles
1230 838 1303 885 utra-

262 954 273 1001 5
297 948 356 1005 que
377 933 478 990 civites
498 937 577 990 cives
598 937 792 1007 precreesset‚
810 949 847 990 ex
868 931 973 1007 quibus
995 931 1034 990 de
1055 937 1161 991 ceteris
1182 945 1303 1008 possent

298 1037 446 1096 iedicere:
481 1039 605 1114 Argives
637 1039 716 1096 enim
748 1037 836 1096 fnisse
871 1037 1008 1098 Orestem
1044 1049 1074 1096 et
1108 1039 1303 1099 Alcmeenem

299 1143 475 1216 metricides,
509 1145 620 1203 Thebis
655 1143 807 1219 Oedipum
842 1150 953 1217 netum,
988 1151 1047 1219 qui,
1084 1163 1153 1202 cum
1187 1156 1302 1220 patrem

299 1267 381 1307 sunm
405 1250 614 1321 interfecisset,
636 1268 672 1308 ex
697 1255 791 1308 metre
816 1249 922 1309 liberes
948 1255 1131 1325 precreesset
1141 1272 1151 1324 ;
1179 1251 1248 1309 huic
1271 1252 1303 1309 in

298 1355 509 1431 respondende
544 1355 775 1431 Epaminendes,
811 1375 880 1414 cum
914 1356 953 1415 de
988 1361 1093 1415 ceteris
1127 1363 1301 1432 pereresset,

250 1490 276 1521 ιο
298 1471 456 1537 postquam
490 1462 529 1521 ad
563 1462 614 1520 illa
647 1461 708 1520 duo
740 1462 900 1537 opprobria
931 1463 1073 1537 pervenit,
1102 1462 1240 1521 admireri
1270 1469 1302 1522 se

222 1550 224 1553 ¹
298 1559 372 1625 dixit
403 1569 553 1626 stultitiam
586 1568 709 1627 rhetoris
745 1569 844 1640 Attici,
872 1573 923 1642 qui
958 1573 1018 1625 nen
1052 1568 1301 1640 animadverterit,

297 1674 469 1732 innocentes
497 1674 562 1732 illes
590 1679 675 1732 netes
703 1672 794 1745 domi,
820 1674 931 1732 scelere
958 1674 1086 1733 admisse
1115 1693 1183 1733 cnm
1208 1675 1303 1750 patrie

298 1789 396 1838 essent
416 1779 538 1855 expulsi,
560 1784 696 1854 receptes
719 1798 783 1838 esse
804 1780 842 1838 ab
863 1780 1101 1840 Atheniensibus

337 1885 396 1944 Sed
422 1886 549 1944 mexime
573 1887 635 1944 eius
660 1886 830 1961 eloquentia
855 1885 945 1944 elexit
969 1887 1091 1961 Spartae
1118 1886 1207 1961 legeti
1232 1896 1301 1944 ante

248 2010 273 2057 15
297 1997 426 2067 pegnam
455 1992 650 2050 Leuctricam.
693 1993 764 2066 Qne
792 2009 861 2049 curn
889 1991 1022 2050 omnium
1051 1992 1199 2050 socierum
1229 2011 1300 2051 con-

296 2098 444 2157 venissent
467 2099 564 2175 legeti,
585 2102 686 2156 ceram
713 2097 950 2173 frequentissime
975 2103 1123 2156 convente
1144 2104 1186 2157 sic
1209 2083 1299 2157 Lace-

295 2204 522 2263 daemonierum
560 2205 746 2280 tyrannidem
780 2205 921 2280 coarguit,
958 2214 991 2262 ut
1025 2210 1085 2263 nen
1122 2206 1217 2264 minus
1253 2207 1301 2264 ille

295 2312 427 2369 eretiene
456 2316 528 2386 opes
556 2317 659 2370 eerum
687 2311 869 2369 concusserit
895 2329 984 2385 quam
1011 2311 1167 2369 Leuctrice
1191 2317 1299 2387 pegni.

294 2419 372 2475 Tum
397 2419 476 2475 enim
501 2419 641 2493 perfecit,
663 2419 747 2493 quod
771 2428 838 2493 post
860 2419 1002 2492 apperuit,
1025 2427 1057 2475 ut
1078 2418 1186 2476 auxilie
1209 2420 1300 2476 Lace-

244 2545 273 2575 20
295 2523 447 2582 daemonii
467 2525 615 2582 socierum
637 2530 829 2599 priverentur.

335 2630 404 2688 Vll.
434 2631 535 2688 Fuisse
574 2631 737 2705 patientem
778 2634 957 2705 suerumque
996 2630 1114 2688 inieries
1156 2625 1300 2688 ferentem

294 2737 410 2808 civium,
435 2735 517 2811 quod
545 2741 577 2795 se
605 2737 718 2811 patriae
746 2742 832 2794 iresci
860 2736 946 2794 nefes
975 2754 1039 2793 esse
1068 2736 1200 2809 deceret,
1227 2737 1300 2794 haec

294 2852 361 2901 sunt
388 2843 565 2901 testimenia.
621 2844 698 2901 Cum
727 2861 795 2900 eum
824 2852 946 2917 propter
973 2841 1114 2900 invidiam
1146 2848 1224 2901 cives
1257 2850 1301 2900 sui

294 2949 454 3022 praeficere
479 2948 619 3006 exercitui
643 2949 805 3007 nelnissent
828 2947 947 3023 duxque
973 2959 1050 3006 esset
1075 2948 1208 3007 delectus
1233 2948 1301 3007 belli

243 3079 269 3124 25
293 3054 454 3129 imperitus,
483 3054 565 3112 celus
595 3059 692 3112 errere
721 3059 767 3112 res
796 3060 833 3112 ee
862 3064 939 3112 esset
968 3054 1106 3126 deducta,
1136 3063 1168 3111 nt
1196 3059 1301 3112 omnes

293 3158 332 3217 de
360 3161 453 3218 salete
481 3160 733 3235 pertimescerent,
763 3160 844 3235 qnod
876 3160 1009 3218 locerum
1040 3160 1179 3235 angustiis
1211 3160 1301 3217 clausi

293 3267 331 3324 ab
359 3265 492 3325 hostibus
523 3264 744 3337 obsidebantur,
772 3264 932 3324 desidereri
963 3275 1071 3341 coepta
1102 3276 1147 3324 est
1179 3267 1299 3341 Epami-

292 3371 411 3430 nendae
437 3370 607 3446 diligentia;
636 3381 698 3429 erat
723 3371 803 3430 enirn
829 3370 871 3430 ibi
891 3377 1018 3446 privetns
1043 3376 1166 3430 numere
1191 3372 1299 3429 mssitis.

292 3464 319 3535 A
346 3483 406 3551 que
433 3496 503 3534 cum
531 3487 667 3552 peterent
694 3496 795 3553 opem,
822 3478 933 3535 uellam
962 3478 1096 3536 adhibuit
1125 3479 1298 3536 memoriam

243 3594 270 3655 3'9
293 3585 490 3642 contumeliae
530 3592 560 3641 et
596 3584 759 3642 exercitum
794 3583 949 3642 obsidiene
986 3584 1139 3643 liberetum
1175 3584 1297 3642 domum

293 3689 410 3747 redexit
434 3689 624 3747 incolumem.
667 3690 734 3746 Nec
758 3693 828 3747 vere
854 3690 911 3747 hec
937 3691 1028 3747 semel
1054 3690 1139 3761 fecit,
1161 3689 1215 3748 sed
1237 3708 1297 3748 sae·
1385 3687 1386 3705 ²

293 3796 367 3869 pius.
411 3795 542 3852 Mexime
563 3806 663 3852 autem
685 3794 738 3851 fnit
759 3796 890 3867 inlestre,
911 3814 980 3853 cnm
1005 3795 1035 3852 in
1059 3796 1297 3869 Peloponnesum
