2817 4250
518 334 687 386 coruram
711 335 859 387 reasons
881 335 988 385 virne
1238 333 1279 401 [v.

272 505 365 581 magis
394 507 550 565 Pausanies
578 508 764 582 perturbetus
792 513 874 566 erere
905 509 1014 584 coepit,
1043 514 1081 568 ne
1111 510 1278 568 enuntiaret

271 629 330 669 neu
359 616 391 670 se
419 613 555 671 meritum
585 612 623 672 de
651 613 701 671 ilio
733 613 847 688 optime
876 614 1035 690 prederet:
1062 616 1143 689 quod
1164 622 1189 674 si
1210 634 1277 674 eam

271 718 388 776 veniam
427 719 482 778 sibi
520 718 651 778 dedisset
687 711 833 794 tantisque
869 720 1051 795 implicitum
1087 722 1174 780 rebus
1210 723 1277 782 suo

272 824 405 896 levisset,
427 829 534 899 migne
563 831 591 882 ei
617 825 752 899 praemii>
780 823 917 884 futurum.

236 951 247 999 5
312 929 349 988 V.
375 931 432 988 His
463 930 549 989 rebus
577 930 682 1006 ephori
710 931 836 1007 cognitis
864 931 953 990 satius
981 938 1119 1007 putarunt
1146 933 1176 990 in
1204 935 1277 993 urbe

272 1053 340 1094 eum
363 1035 585 1110 comprehendi.
628 1037 697 1110 Qud
718 1055 787 1094 cum
809 1047 907 1096 essent
927 1038 1053 1113 proiecti
1072 1049 1102 1096 et
1119 1040 1278 1098 Pausanies

272 1142 389 1217 plecete
417 1142 536 1218 Argilie,
565 1152 598 1200 ut
625 1144 757 1218 putebat,
787 1142 1045 1202 Lacedaemonem
1073 1150 1276 1218 reverteretur,

273 1248 302 1305 in
327 1247 441 1320 itinere,
463 1265 531 1305 cum
556 1248 614 1305 iam
638 1249 669 1306 in
693 1254 731 1307 ee
756 1258 833 1308 esset
853 1260 886 1307 ut
907 1249 1218 1324 comprehenderetur,
1241 1269 1278 1308 ex

272 1354 353 1411 vultti
381 1352 532 1412 cuiusdam
560 1353 673 1428 ephori,
701 1361 752 1429 qui
780 1373 847 1413 eum
876 1354 1030 1413 admoneri
1060 1356 1209 1431 cupiebat,
1236 1363 1278 1415 in·

224 1487 251 1518 10
273 1459 361 1518 sidies
396 1459 450 1517 sibi
479 1460 542 1517 lieri
568 1460 720 1519 intellexit.
779 1462 885 1535 Itaque
912 1467 1015 1535 paucis
1042 1471 1110 1520 ante
1137 1462 1278 1537 gradibus

273 1583 365 1640 quam
393 1571 443 1639 qui
474 1583 541 1622 eum
574 1567 810 1640 sequebantur,'
868 1565 974 1639 aedem
1010 1552 1171 1639 Minervae,
1199 1586 1277 1643 quae

273 1671 460 1730 Chalcioicos
493 1677 624 1743 vocetur,
653 1672 799 1746 cenfugit.
862 1672 945 1730 Hinc
980 1677 1018 1730 ne
1053 1680 1131 1732 exire
1165 1685 1277 1748 posset,

273 1778 372 1835 statim
400 1777 504 1852 ephori
530 1778 627 1836 valves
656 1777 718 1836 eius
746 1777 828 1836 aedis
863 1779 1071 1836 obstruxerunt
1106 1783 1277 1854 tectumque

273 1893 340 1941 sunt
364 1883 505 1956 demoliti,
520 1888 581 1958 que
606 1883 730 1941 celerius
754 1884 809 1940 sub
830 1883 899 1941 divo
920 1884 1061 1942 interiret.
1103 1885 1220 1942 Dicitur
1241 1891 1279 1943 ee

224 2011 248 2058 ις
273 1999 409 2063 tempore
438 1995 562 2047 metrem
592 1989 753 2047 Pausaniae
781 1989 886 2046 vixisse
914 2007 1040 2064 eamque
1074 1989 1133 2047 iam
1168 1996 1278 2065 megne

273 2202 370 2259 silium
399 2201 597 2259 claudendum
625 2201 755 2277 lapidem
784 2202 822 2259 ad
850 2202 1002 2260 introitum
1030 2201 1112 2260 aedis
1136 2203 1278 2261 attulisse.

274 2309 333 2365 Hic
362 2326 429 2365 cum
459 2308 637 2365 semianimis
665 2307 704 2365 de
733 2308 846 2382 templo
877 2308 969 2365 elatus
1005 2317 1091 2378 esset,
1120 2308 1278 2366 censestim

272 2415 400 2471 animam
433 2414 550 2471 efflevit.
606 2415 652 2472 Sic
688 2414 844 2471 Pausanias
880 2420 1016 2488 megnam
1050 2413 1120 2471 belli
1154 2414 1278 2488 gloriam

222 2545 251 2576 20
272 2526 351 2594 turpi
376 2530 470 2578 morte
496 2519 660 2577 maculevit.
703 2520 795 2578 Cuius
820 2526 927 2577 mortui
948 2537 1056 2594 corpus
1078 2538 1146 2576 cum
1168 2519 1278 2578 eedem

272 2626 404 2684 nennulli
425 2625 557 2683 dicerent
578 2624 677 2682 inferri
698 2629 835 2699 oportere
852 2630 913 2700 que
927 2625 952 2682 -ii
973 2632 1024 2700 qui
1041 2624 1079 2682 ad
1099 2625 1279 2701 supplicium

273 2741 371 2789 essent
405 2730 476 2801 datI,
508 2730 657 2805 displicuit
692 2730 831 2805 pluribus,
863 2740 892 2788 et
926 2732 1029 2806 procul
1064 2732 1102 2789 ab
1137 2736 1175 2789 ed
1209 2732 1280 2790 loce

271 2837 456 2908 insederunt,
485 2841 544 2910 quo
574 2847 635 2893 erat
664 2846 805 2894 mortuus.
852 2835 927 2894 Inde
955 2837 1100 2911 posterius
1128 2836 1179 2895 dei
1206 2838 1279 2895 Del-

272 2944 352 3019 phici
376 2946 520 3017 response
545 2946 643 2999 erutus
668 2951 758 3016 atque
783 2940 892 2999 eedem
916 2942 984 2998 loco
1009 2942 1139 3017 sepultus
1161 2943 1280 3001 estubi

221 3077 246 3124 25
270 3056 361 3108 vitam
382 3058 529 3123 posuerat.
580 3022 583 3031 '
840 3117 886 3195 x

722 3263 724 3266 ’
788 3292 834 3403 e

272 2100 353 2167 netu,
381 2104 538 2170 postquam
567 2095 607 2155 de
635 2091 746 2154 scelere
775 2096 789 2154 l
793 2096 834 2153 ilii
863 2096 1019 2171 comperit,
1048 2097 1208 2171 inprimis
1239 2096 1324 2355 ad'

1396 2229 1397 2256 l
