2817 4250
516 294 686 346 CORNELII
709 294 857 345 NEPOTIS
879 295 987 344 VITAE
1166 293 1279 358 [111.‚1V.

274 468 380 526 iterum
402 468 563 542 impertitor
583 467 663 542 apud
685 467 823 542 Mycalen
844 466 1020 542 Cypriemm
1043 475 1072 524 et
1095 465 1280 523 Phoenicum

274 573 468 632 ducentemm
486 574 603 630 trevium
623 573 747 630 classem
769 572 917 631 devictam
939 572 1019 647 cepit
1038 571 1207 646 eedemque
1229 571 1279 630 die

273 685 337 754 pari
364 679 486 736 serttine
514 679 543 737 in
572 684 649 736 terrai
675 683 744 736 risus
772 689 826 736 est.
875 680 1013 752 Namque
1041 677 1170 736 hostium
1198 679 1279 736 nevi-

274 786 329 845 bus
350 791 442 860 captis
464 785 560 842 statim
583 803 620 841 ex
640 784 734 841 classe
751 784 851 859 cepies
869 790 933 842 sues
951 784 1053 843 edrixit
1072 783 1278 842 barbarerum-

238 915 248 962 5
273 909 331 966 que
349 891 508 949 meximam
529 890 588 947 vim
609 895 669 946 ime
690 895 836 948 concursir
857 890 1022 963 prestrevit.
1065 890 1134 963 Que
1152 889 1281 947 victerie

275 1002 381 1071 migne
411 995 522 1071 praede
557 1001 666 1070 potitus
701 1013 770 1052 cum
805 994 929 1053 domum
963 999 1167 1067 reverteretur,
1196 994 1279 1070 quod

274 1102 333 1158 iam
352 1102 509 1159 nenmillae
528 1102 639 1158 insulae
661 1110 782 1174 propter
803 1101 995 1159 acerbitetem
1017 1101 1132 1176 imperii
1153 1100 1278 1159 defece·

274 1217 348 1278 rant,
378 1206 455 1265 bene
490 1207 633 1264 animetis
667 1206 867 1277 cenlirmevit,
901 1207 1039 1264 alienetes
1073 1206 1112 1265 ad
1147 1205 1279 1264 officium

275 1312 370 1370 redire
395 1313 502 1387 coegit.
545 1313 676 1386 Scymm,
698 1317 851 1388 quamdee
876 1322 1012 1386 tempore
1038 1314 1171 1387 Dolopes
1196 1312 1277 1370 inco

228 1452 252 1480 to
273 1419 382 1490 lebant,
404 1418 486 1492 quod
507 1419 711 1476 contumecius
733 1423 765 1476 se
788 1428 948 1493 gesserant,
967 1419 1144 1489 vacuefecit,
1161 1436 1277 1493 posses·

275 1530 355 1584 seres
383 1529 495 1582 veteres
523 1526 595 1582 urhe
623 1525 775 1598 insuleque
803 1525 899 1596 eiecit,
921 1530 1007 1599 agres
1030 1525 1142 1584 civibus
1170 1525 1278 1583 divisit.

274 1631 398 1688 Thasios
430 1631 582 1705 opulentiai
617 1631 707 1688 lretes
743 1635 796 1688 sue
832 1629 961 1688 adventii
997 1630 1091 1705 fregit.
1150 1633 1207 1688 His
1243 1650 1280 1688 ex

275 1738 420 1796 manubiis
452 1757 503 1794 arx
534 1737 726 1807 Athenarum,
754 1741 813 1811 que
844 1735 883 1794 ad
916 1736 1071 1794 meridiem
1103 1737 1205 1812 vergit,
1234 1747 1280 1794 est

275 1848 387 1901 emeta.

227 1972 250 2019 ¹5
316 1949 374 2006 III.
403 1948 517 2022 Quibus
549 1949 636 2006 rebus
664 1967 734 2005 cum
762 1953 837 2006 imus
863 1949 894 2005 in
922 1949 1039 2006 civitete
1067 1948 1194 2006 mexime
1226 1949 1279 2006 fle-

275 2058 360 2125 reret‚
382 2054 486 2112 incidit
507 2054 537 2111 in
558 2053 685 2112 eandem
708 2053 848 2112 invidiam
870 2072 959 2129 quam
981 2065 1065 2129 pater
1086 2072 1153 2112 suus
1174 2058 1280 2111 ceteri-

275 2178 334 2234 que
371 2160 593 2218 Atheniensium
636 2161 785 2235 principes
796 2181 804 2232 ;
848 2178 916 2217 nam
958 2166 1098 2218 testerum
1140 2160 1280 2235 suliregiis

276 2265 382 2323 decem
405 2271 547 2323 annerum
571 2266 672 2324 exsilie
695 2268 834 2324 multetus
858 2276 911 2324 est.
953 2267 1044 2325 Ceius
1067 2267 1135 2324 sacti
1155 2265 1280 2324 celerius

275 2371 470 2430 Athenienses
495 2390 585 2446 quam
608 2373 704 2448 ipsum
731 2372 894 2447 paenituit;
926 2390 994 2429 narn
1019 2391 1087 2430 cum
1109 2373 1157 2429 ille
1178 2373 1279 2430 anime

225 2506 253 2537 20
276 2478 343 2535 sorti
363 2476 491 2534 invidiae
512 2478 692 2552 ingreterum
715 2479 821 2536 civium
842 2478 977 2536 cessisset
998 2478 1167 2553 bellumque
1187 2479 1279 2535 Lace-

276 2582 426 2640 daemonii
450 2583 677 2642 Atheniensibus
707 2584 888 2654 indixissent,
914 2584 1071 2641 censestim
1100 2588 1187 2641 netae
1216 2585 1280 2641 eius

275 2689 387 2746 virttitis
412 2688 591 2747 desiderium
619 2694 813 2747 censectitum
842 2698 896 2746 est.
939 2691 1043 2763 Itaque
1073 2699 1141 2764 post
1168 2708 1280 2746 annum

275 2800 420 2869 quintum,
449 2813 538 2869 quam
567 2796 703 2870 expulsus
732 2805 803 2867 erat,
833 2795 862 2852 in
890 2796 1015 2870 patriam
1044 2801 1197 2853 revocetus
1226 2806 1280 2853 est.

277 2900 340 2973 Ille,
375 2900 457 2975 quod
495 2901 624 2975 hospitii)
663 2901 968 2958 Lacedaemonierum
1009 2900 1154 2971 etebetur,
1189 2901 1280 2959 satius

225 3037 251 3084 25
276 3007 445 3064 existimetis
466 3007 609 3065 Graeciae
630 3006 763 3064 civitetes
785 3007 824 3064 de
845 3007 1050 3064 contreversiis
1071 3013 1129 3064 suis
1150 3006 1227 3065 inter
1248 3012 1281 3064 se

277 3112 337 3168 iere
366 3110 533 3185 disceptere
563 3129 651 3185 quam
682 3118 769 3169 armis
800 3110 991 3182 contendere,
1021 3111 1281 3170 Lacedaemonem

276 3223 328 3275 sue
355 3228 460 3292 sponte
489 3228 534 3275 est
562 3218 712 3292 proiectus
739 3224 903 3293 picemque
932 3220 1008 3276 inter
1035 3218 1108 3277 dues
1136 3219 1280 3294 potentis-

276 3323 364 3381 simes
392 3322 523 3381 civitaites
558 3323 732 3381 concilievit.
776 3326 855 3396 Post,
884 3341 981 3397 neque
1016 3325 1057 3381 ita
1093 3325 1195 3395 multe,
1221 3325 1280 3399 Cy-

276 3446 362 3503 pmm
389 3446 458 3485 cum
481 3427 617 3485 ducentis
639 3429 762 3487 nevibus
790 3429 950 3503 imperetor
978 3436 1091 3501 missus,
1120 3448 1189 3487 cum
1217 3431 1281 3487 eius

225 3572 253 3617 30
277 3535 419 3591 meierem
440 3544 554 3608 partem
579 3535 690 3592 insulae
717 3533 881 3605 devicisset,
904 3535 934 3592 in
958 3535 1095 3593 morbum
1121 3535 1281 3609 implicitus

276 3641 305 3697 in
327 3639 530 3715 opptignande
552 3639 665 3714 oppide
686 3641 766 3698 Citie
787 3651 831 3697 est
852 3651 992 3698 mortuus.

318 3747 369 3803 IV.
400 3748 491 3802 Hunc
519 3745 714 3804 Athenienses
738 3751 798 3803 nen
823 3746 919 3809 selum
943 3747 973 3802 in
998 3747 1085 3817 belle,
1110 3745 1164 3803 sed
1189 3747 1280 3804 etiam
