2817 4250
123 354 169 419 v.]
223 375 225 377 >
296 323 301 331 ’
570 354 739 404 aunarius
1143 341 1186 422 89

125 533 184 604 pre
208 528 336 587 hominis
363 526 505 604 dignitite
529 531 644 602 prrique
672 527 794 602 pristine
817 526 1133 601 amicitie-namque

123 636 179 694 ille
202 640 271 694 fisus
296 645 359 693 erat
382 633 550 693 Alexandre
575 639 641 692 vive
664 633 1002 708 familieriter-ample
1027 633 1133 691 frinere

124 741 233 798 extulit
266 758 392 816 ossaque
426 741 458 798 in
493 739 704 799 Macedoniam
742 744 826 799 uxeri
862 739 925 798 eius
962 757 998 796 ac
1035 739 1133 797 liberis

124 847 249 905 remisit.

168 954 205 1010 V.
235 953 321 1010 Haec
344 950 522 1028 dum-apud
548 951 779 1026 Hellespontum
803 961 952 1027 geruntur,
975 949 1131 1008 Perdicces
1155 974 1166 1021 5

123 1057 209 1133 apud
237 1059 337 1116 Nssum
369 1057 480 1116 flfimen
508 1057 682 1116 interficitur
712 1063 730 1114 e
759 1058 884 1116 Selence
914 1067 945 1115 et
975 1057 1130 1132 Antigene,

123 1137 284 1238 rerumque
309 1182 425 1222 summa
448 1162 487 1221 ad
511 1163 699 1239 Antipatrum
723 1162 861 1222 defertur.
905 1165 1044 1237 Hic,qni
1071 1168 1131 1220 nen

124 1271 327 1343 deseruerant,
356 1270 486 1328 exercitii
513 1270 681 1346 suffragium
714 1269 836 1344 ferente,
858 1270 963 1344 capitis
994 1271 1131 1327 absentes

124 1375 314 1448 damnantur,
342 1375 374 1433 in
408 1381 449 1434 eis
482 1377 640 1435 Eumenes.
696 1377 766 1434 Hic
793 1377 841 1434 ille
868 1376 1018 1450 perculsus
1046 1376 1132 1450 plage

123 1487 190 1540 nen
210 1482 364 1541 succubuit
384 1499 481 1557 neque
502 1486 540 1540 ee
561 1481 650 1539 setius
673 1481 783 1540 bellum
809 1480 1029 1540 administravit.
1072 1481 1130 1540 Sed
1154 1509 1181 1540 ιο

125 1587 218 1646 exsses
246 1591 292 1645 res
320 1587 411 1645 animi
438 1586 682 1663 megnitfidinem,
710 1593 765 1645 etsi
793 1592 852 1645 nen
880 1587 1062 1662 frangebant,
1087 1597 1129 1646 ta-

124 1711 199 1751 men
222 1693 404 1752 minuebant.
447 1694 537 1750 Hunc
562 1697 744 1768 persequens
764 1693 937 1768 Antigonus
958 1711 1027 1750 cum
1048 1699 1131 1751 omni

123 1817 236 1874 genere
256 1799 409 1875 cepierum
429 1799 603 1871 abunderet,
624 1817 713 1874 saepe
735 1799 765 1856 in
786 1799 938 1857 itineribus
961 1799 1130 1871 vexebetur,

124 1923 225 1979 neque
246 1923 388 1979 umquam
408 1904 448 1963 ad
468 1923 588 1962 manum
610 1903 755 1963 accedere
779 1904 888 1963 licebat
906 1903 962 1962 nisi
991 1911 1032 1962 eis
1060 1904 1131 1962 locis

124 2011 234 2086 quibus
258 2017 346 2086 pauci
369 2010 468 2069 multis
492 2021 613 2085 possent
634 2011 779 2069 resistere.
821 2010 885 2069 Sed·
902 2015 1034 2068 extreme
1055 2020 1129 2067 tem·
1155 2032 1178 2079 ις

123 2136 210 2193 pore,
235 2136 304 2175 cum
328 2117 453 2176 censilie
478 2123 546 2192 capi
567 2121 629 2176 nen
650 2128 760 2192 posset,
782 2116 969 2176 multitudine
994 2117 1129 2175 circumi-

123 2234 175 2281 tus
197 2232 250 2281 est.
303 2224 385 2280 Hinc
410 2233 511 2281 tamen
536 2224 632 2281 multis
656 2229 714 2281 suis
739 2229 850 2281 emissis
875 2228 906 2281 se
931 2224 1080 2298 expedivit
1101 2232 1131 2281 et

124 2330 157 2387 in
189 2329 341 2387 castellum
374 2328 526 2405 Phrygiae,
555 2329 637 2405 quod
669 2330 753 2387 Nera
783 2331 954 2405 appelletur,
983 2330 1129 2404 cenfrigit.

124 2436 164 2493 In
192 2441 253 2509 que
280 2454 349 2493 cum
377 2434 643 2493 circumsederetur
671 2446 701 2493 et
728 2439 877 2493 vereretur
904 2440 942 2505 ne
972 2441 1032 2494 tine
1063 2437 1130 2495 loce

123 2648 266 2723 agitandi,
294 2646 433 2704 callidum
461 2647 515 2705 fnit
542 2648 604 2705 eius
632 2647 792 2719 inventum,
822 2665 912 2721 quem
940 2647 979 2706 ad
1008 2648 1130 2707 modum

123 2759 205 2812 stains
226 2754 391 2812 ifimentum
413 2753 583 2812 concalfieri
607 2758 795 2828 exercerique
821 2764 930 2827 posset,
952 2760 1012 2828 que
1037 2755 1129 2813 liben-

123 2860 183 2918 tius
203 2870 234 2917 et
254 2860 324 2917 cibe
344 2863 474 2918 iteretur
494 2870 524 2917 et
545 2865 563 2916 ai
582 2859 715 2933 corporis
736 2864 820 2917 metir
840 2865 900 2918 nen
923 2865 1130 2919 removeretur.

122 2966 350 3041 Substringebat
371 2977 460 3041 caput
480 2967 543 3025 lere
565 2966 649 3023 altius
673 2984 761 3040 quam
784 2976 816 3024 ut
837 2967 982 3041 prioribus
1005 2968 1131 3042 pedibus

122 3072 214 3147 plene
250 3081 357 3130 terram
393 3082 494 3147 posset
528 3072 682 3147 attingere,
711 3070 821 3131 deinde
859 3082 927 3148 post
961 3073 1130 3131 verberibus
1153 3095 1179 3141 ²5

122 3178 253 3253 cogebat
284 3177 427 3235 exsultem
459 3187 490 3235 et
521 3178 617 3235 calces
650 3177 799 3236 remittere
810 3198 819 3251 3
854 3184 905 3252 qni
939 3184 1035 3237 metus
1070 3185 1130 3237 nen

122 3284 222 3341 minus
247 3283 387 3342 sederem
412 3283 590 3356 excutiebat,
611 3301 701 3358 quam
726 3290 750 3342 si
777 3284 807 3341 in
832 3284 928 3359 spatie
951 3284 1129 3343 decurreret.

123 3390 196 3464 Que
225 3389 335 3447 factum
363 3400 417 3462 est,
445 3389 528 3464 quod
558 3390 696 3447 omnibns
728 3389 860 3448 mirebile
894 3401 938 3449 est
967 3396 1070 3462 visum,
1098 3402 1131 3449 ut

123 3500 221 3571 aeque
242 3495 336 3553 nitida
356 3495 488 3553 nimenta
508 3514 544 3553 ex
566 3496 687 3553 castelle
710 3496 860 3567 educeret,
875 3515 943 3553 cnm
963 3497 1131 3572 complures

123 3606 244 3661 menses
265 3602 295 3658 in
316 3602 473 3660 obsidione
495 3601 603 3673 luisset,
619 3620 654 3658 ac
676 3607 700 3659 si
721 3602 751 3659 in
772 3603 984 3676 campestribus
1006 3621 1042 3660 ea
1059 3604 1130 3661 locis
1153 3626 1181 3671 30

123 3709 285 3767 habuisset.
341 3709 377 3765 ln
412 3707 467 3765 hec
502 3707 703 3779 conclrisione,
733 3708 998 3783 quotienscumque
1029 3709 1129 3779 voluit,

124 3820 300 3889 apparetnm
336 3823 367 3871 et
404 3813 581 3871 mimitienes
617 3814 757 3888 Antigoni
789 3813 858 3870 alies
890 3813 1031 3883 incendit,
1060 3814 1129 3870 alies
