2817 4250
246 313 285 391 58
423 395 425 398 Ι
535 322 706 373 conunnn
730 322 877 371 NEPOTIS
901 321 1007 371 virne
1186 323 1291 387 [111.,1v,

293 501 344 553 tini
378 507 446 554 ante
481 496 512 554 id
546 507 664 571 tempus
699 495 832 571 contigit,
867 505 908 567 ut,
945 513 1013 552 cum
1055 503 1130 570 patri
1171 498 1293 572 populus

294 613 420 659 statuam
448 602 603 676 posuisset,
632 601 699 659 filio
728 620 847 676 quoque
875 601 970 659 daret.
1019 603 1066 660 Sic
1094 603 1175 660 liutto
1202 605 1294 678 posita

294 713 397 766 recons
419 709 476 766 filii
497 719 627 766 veterem
649 709 739 784 patris
761 709 910 766 renovovit
932 709 1115 766 memoriam.

335 816 394 873 111.
424 816 485 872 Hic
510 833 579 872 cum
604 824 681 872 esset
706 819 814 890 mogno
838 819 909 873 noto
934 825 964 872 et
989 815 1174 890 magistrotos
1196 833 1295 890 gerere
1325 860 1327 864 .

257 946 268 993 5
292 921 426 993 dosisset,
455 921 534 979 bello
565 922 761 979 Athenionsos
796 921 928 996 undique
963 928 1058 996 premi
1088 932 1155 978 sunt
1186 929 1295 998 coepti.

293 1027 459 1086 Dolocerat
489 1028 601 1098 Sarnus,
629 1026 778 1085 doscierat
807 1027 1028 1101 Hellespontus,
1059 1027 1211 1102 Philippus
1239 1028 1296 1085 iam

294 1143 355 1190 tum
380 1133 479 1191 valons
502 1135 594 1191 multa
618 1133 812 1206 moliobotu13
845 1140 893 1191 cui
917 1134 1071 1208 oppositus
1096 1134 1208 1192 Char'e's
1230 1153 1297 1191 cum

293 1249 379 1311 esset,
407 1245 468 1297 non
497 1240 567 1297 satis
594 1239 624 1297 iu
652 1245 689 1298 eo
718 1239 857 1320 praesidii
884 1240 1049 1315 putabitur.
1101 1240 1149 1298 Fit
1177 1241 1296 1298 Menes-

293 1345 378 1404 theus
403 1356 530 1422 praetor,
555 1345 647 1426 silius¹
661 1332 827 1420 lphicratis,
853 1363 945 1420 gener
966 1346 1125 1416 Timothei,
1147 1356 1177 1404 et
1201 1355 1235 1403 ut
1259 1345 1297 1403 ad

245 1469 270 1499 10
292 1451 402 1509 bellum
423 1453 624 1527 proficiscitur
645 1450 821 1509 docemitnr,
865 1451 946 1508 Huic
965 1451 996 1508 in
1015 1451 1169 1509 consilium
1189 1451 1298 1510 dantur

255 1545 257 1552 ¹
292 1557 346 1614 viri
366 1557 427 1614 duo
447 1561 502 1615 osii
522 1557 725 1630 sapientioque
746 1561 937 1631 praestantes,
952 1567 1037 1631 pater
1057 1567 1088 1614 et
1106 1575 1200 1628 socer,
1216 1556 1297 1632 quod

293 1662 323 1718 in
347 1662 391 1720 his
416 1672 498 1719 tanta
520 1672 582 1720 erat
605 1663 772 1733 auctoritas,
794 1671 826 1720 ut
852 1667 958 1736 magna
978 1666 1046 1736 spos
1068 1672 1145 1719 esset
1167 1680 1222 1737 per
1246 1668 1297 1720 eos

292 1773 399 1826 omissa
423 1786 510 1843 posse
535 1773 709 1843 recuperori.
752 1769 869 1825 licum
897 1769 1017 1825 Samum
1045 1767 1171 1842 profecti
1198 1778 1298 1826 essent

293 1884 322 1931 et
343 1873 452 1931 eodem
474 1874 585 1932 Chares
606 1873 722 1930 illorum
743 1872 872 1931 advento
894 1873 1014 1948 cognito
1034 1892 1102 1930 cum
1125 1879 1184 1931 suis
1203 1875 1296 1948 copiis

244 2000 268 2046 ις
292 1963 536 2053 proficiscerotur,
561 1984 599 2036 no
623 1978 696 2053 quid
721 1979 843 2037 absente
869 1983 901 2036 so
924 1989 1040 2054 gestum
1062 1979 1222 2050 vidorotur,
1248 1999 1295 2036 ac-

292 2085 374 2157 cidit,
403 2103 471 2143 cum
499 2084 537 2143 ad
565 2085 689 2143 insulam
718 2090 997 2161 appropinquarent,
1026 2094 1058 2143 ut
1086 2090 1192 2161 magna
1221 2095 1294 2143 tem-

292 2198 390 2267 pestas
419 2196 568 2263 orerotur3
604 2209 693 2265 quam
726 2196 833 2249 ovita're
865 2191 926 2249 duo
956 2196 1071 2249 veteros
1103 2177 1295 2266 imperitoros

291 2298 362 2355 otile
384 2297 513 2355 arbitroti
533 2316 616 2355 suam
638 2297 762 2355 classem
788 2302 1021 2371 suppressorunt.
1065 2299 1105 2354 At
1129 2296 1177 2353 ille
1202 2309 1295 2355 teme-

292 2405 366 2461 rorio
392 2409 460 2461 osus
489 2403 601 2461 ratione
629 2408 690 2461 non
721 2403 810 2461 cessit
841 2404 984 2461 maiorum
1016 2408 1087 2461 notri
1118 2404 1294 2474 auctoritati,

241 2533 270 2564 20
291 2511 371 2568 velut
394 2509 425 2567 in
450 2515 501 2567 suo
526 2514 614 2566 mano
639 2519 717 2566 esset
742 2510 871 2567 fortona.
915 2509 984 2583 Quo
1008 2507 1204 2567 contenderat
1229 2527 1295 2583 per-

290 2617 380 2688 vonit,
402 2614 570 2689 eodemque
594 2625 628 2671 ut
651 2625 851 2689 sequerentur,
873 2615 912 2673 ad
937 2616 1128 2673 Timotheum
1152 2625 1184 2672 et
1212 2602 1294 2690 lphi-

291 2726 392 2779 craton
413 2722 547 2780 mintium
570 2721 656 2778 misit.
1149 2729 1153 2735 ·

332 2828 413 2885 Hinc
448 2827 523 2883 male
557 2831 588 2883 ro
615 2832 708 2901 gesto,
736 2827 937 2902 compluribus
965 2834 1077 2885 amissis
1105 2826 1229 2884 navibus
1259 2832 1296 2884 eo

290 2933 369 2992 unde
391 2943 453 2991 erat
474 2932 624 3007 profectus
645 2937 677 2989 so
697 2933 811 3007 recopit
830 2934 999 3007 litterasque
1019 2934 1149 2990 Athonis
1174 2934 1295 3006 poblico

239 3064 265 3111 ²5
290 3041 377 3111 misit,
399 3040 453 3098 sibi
476 3039 604 3113 proclive
627 3038 715 3116 fuisse
737 3040 856 3097 Samum
879 3057 997 3114 capere,
1019 3040 1073 3096 nisi
1095 3044 1113 3096 o
1131 3039 1295 3096 Timotheo

289 3156 320 3203 et
348 3132 496 3220 lphicrate
525 3145 658 3202 dosertus
686 3154 773 3202 esset.
827 3146 955 3220 Populus
983 3152 1059 3216 ocer,
1088 3145 1226 3219 suspicax
1251 3145 1296 3208 ,ob

289 3270 414 3325 eamque
436 3270 498 3309 rem
520 3250 647 3322 mobilis,
668 3249 858 3323 adversorius,
878 3250 1166 3308 invidus—etenim
1186 3261 1295 3325 poten-

289 3359 330 3416 tia
360 3359 390 3415 in
421 3364 533 3415 crimen
564 3356 910 3415 vocohotur-domum
944 3367 1083 3429 revocat;
1117 3362 1297 3414 accusantur

289 3464 472 3539 proditionis.
517 3465 587 3521 Hoc
608 3463 719 3521 iodicio
741 3462 896 3521 damnotur
916 3462 1091 3520 Timotheus
1110 3462 1205 3537 lisque
1231 3463 1296 3520 oius

240 3598 266 3643 30
288 3571 458 3629 aestimotur
488 3580 609 3628 centum
640 3555 765 3627 talentis.
822 3570 875 3626 Ille
906 3568 977 3626 odio
1008 3569 1138 3643 ingratae
1167 3569 1297 3627 civitotis
1384 3567 1385 3592 ³

289 3683 408 3736 exoctus
429 3675 603 3735 Chalcidem
625 3680 656 3733 so
677 3674 810 3732 contulit.
916 3750 919 3754 ἵ

330 3784 381 3840 lV.
411 3783 508 3840 Hiiius
533 3790 601 3855 post
626 3766 752 3838 mortem
777 3797 846 3836 cum
870 3780 1013 3854 populum
1034 3780 1136 3838 iodicii
1156 3787 1201 3838 sui
1221 3799 1296 3855 pae-
