2817 4250
62 266 66 272 ’
109 305 163 368 nr]
539 298 735 349 suasimus
1123 295 1159 354 31

108 475 284 552 profectum.
327 474 395 548 Quo
420 473 599 531 factumest
623 481 656 530 ut
684 476 788 530 omnos
816 473 975 548 imparotos
1004 473 1113 551 impn'r-

108 583 272 656 dentosque
301 578 475 638 offenderet.
521 579 559 636 Id
585 588 618 636 ut
646 578 786 654 cognovit
814 579 1035 655 Tissaphernes,
1063 585 1114 654 qui

108 706 256 748 summum
284 685 441 761 imperium
468 694 532 743 tum
560 685 636 742 inter
663 685 830 760 praefectos
855 685 984 744 habobat
1008 685 1113 761 rogios,

107 793 237 853 indotios
264 799 282 851 o
309 793 429 850 Lacone
457 791 569 866 petivit,
598 791 736 849 simulons
764 795 796 848 εδ
824 790 895 849 dare
923 809 1054 866 operam,
1082 801 1115 849 ut
1212 798 1214 802 '

108 898 354 958 Lacedaemoniis
381 916 450 955 cum
478 901 547 973 roge
576 903 756 968 conveniret,
785 901 818 955 ιδ
846 907 944 955 autem
976 902 1046 956 voro
1076 896 1115 956 ad
1139 921 1150 968 5

107 1005 209 1081 copios
231 1002 457 1079 comparandos,
478 1008 586 1078 eosque
609 1002 776 1077 impetrovit
802 1003 991 1061 trimonstros.
1034 1005 1113 1062 Ioro-

107 1111 147 1168 vit
168 1120 270 1168 autem
290 1119 415 1184 uterque
436 1113 468 1166 εδ
489 1108 552 1166 sine
574 1107 645 1166 dolo
667 1107 795 1166 indotios
816 1113 1065 1168 conservatorum.

148 1218 185 1274 In
212 1221 272 1290 quo
299 1216 438 1291 pactione
467 1219 583 1272 summo
609 1213 670 1272 fido
698 1214 806 1272 monsit
830 1215 996 1290 Agosilous5
1012 1221 1115 1274 contro

109 1340 144 1379 ea
165 1321 380 1397 Tissaphernes
404 1320 477 1378 nihil
497 1318 579 1377 aliud
600 1337 690 1395 quam
711 1320 821 1378 bellum
845 1321 1034 1396 comparovit.
1078 1321 1114 1380 Id

109 1435 163 1486 etsi
201 1427 350 1487 sentiobat
384 1427 475 1498 Laco,
504 1435 603 1483 tamen
639 1425 839 1484 iosiorandum
873 1427 1007 1485 servobat
1043 1428 1114 1484 mul·
1141 1457 1167 1488 ιο

110 1543 234 1609 tumque
265 1533 297 1590 in
327 1537 365 1590 eo
396 1537 428 1590 εδ
459 1537 602 1606 consequi
634 1531 763 1604 dicobat,
791 1530 872 1606 quod
904 1532 1116 1606 Tissaphemos

108 1640 239 1715 periorio
267 1644 322 1698 suo
350 1648 380 1697 et
407 1638 543 1697 hominos
570 1643 628 1696 suis
656 1639 743 1696 robus
757 1719 759 1724 Α
772 1638 950 1696 abalionoret
982 1649 1012 1696 et
1043 1639 1116 1698 deos

109 1746 164 1805 sibi
190 1750 282 1804 irotos
311 1744 460 1816 redderet,
488 1749 520 1803 εδ
547 1754 647 1802 autem
676 1749 850 1802 conservoto
877 1745 1017 1820 religione
1045 1752 1115 1804 con-

109 1853 232 1911 firmore
272 1851 444 1922 exercitum,
479 1868 547 1908 cum
586 1849 834 1908 animadverteret
876 1851 966 1922 deom
1007 1857 1117 1909 nomen

109 1958 207 2015 facere
234 1962 346 2027 socom,
368 1955 563 2030 hominosque
588 1955 643 2015 sibi
668 1956 826 2014 conciliore
852 1957 1013 2029 amicioros,
1035 1957 1116 2032 quod
1142 1981 1166 2027 15

101 2070 143 2121 eis
164 2062 287 2122 studore
308 2067 511 2133 consuossent,
533 2067 608 2137 quos
629 2067 802 2120 conservore
824 2062 915 2119 fidem
936 2063 1080 2120 vidorent.
1153 2111 1157 2117 .

150 2171 211 2228 III.
242 2170 403 2244 Postquam
423 2168 602 2226 indotiorum
624 2168 775 2243 praeteriit
798 2168 871 2240 dios,
893 2169 1034 2229 barbarus
1058 2175 1117 2228 non

108 2275 258 2345 dubitonS,
273 2274 356 2349 quod
381 2274 471 2350 ipsius
495 2283 579 2332 erant
602 2274 727 2349 phorima
753 2274 903 2332 domicilia
927 2274 958 2331 in
979 2276 1068 2333 Corio
1089 2285 1118 2333 et

109 2399 145 2438 ea
164 2379 249 2457 regio
260 2386 303 2439 eis
325 2380 507 2455 temporibus
527 2379 621 2438 multo
641 2380 799 2455 putobotur
820 2380 1057 2455 locuplotissima,
1080 2386 1117 2438 eo

108 2486 299 2561 potissimum
327 2486 427 2545 hostos
456 2486 601 2561 impetum
629 2486 767 2557 factoroS,
789 2490 893 2545 omnos
921 2491 988 2544 suos
1016 2487 1117 2561 copios
1140 2514 1169 2544 20

109 2597 147 2651 eo
174 2597 372 2651 controxerat.
428 2593 466 2649 At
494 2591 645 2667 Agosilous
673 2592 704 2648 in
733 2591 886 2667 Phrygiam
915 2596 947 2649 εδ
974 2593 1119 2650 convertit

108 2715 239 2773 eamque
260 2696 340 2772 prius
362 2695 561 2773 dopopulotus
582 2706 636 2769 est,
651 2714 741 2772 quam
762 2696 974 2772 Tissaphemos
994 2715 1118 2773 usquam

109 2807 141 2861 εδ
162 2807 307 2863 movoret.

150 2910 266 2984 Mogno
286 2907 397 2983 praedo
418 2907 557 2966 militibus
578 2907 763 2983 locuplototis
784 2907 936 2983 Ephesum
956 2908 1118 2967 hiemotum

110 3015 278 3085 exercitum
305 3013 422 3072 redoxit
449 3023 538 3088 atque
567 3013 609 3072 ibi
642 3013 767 3071 officinis
799 3020 946 3072 armorum
981 3015 1119 3073 institotis
1142 3042 1167 3090 25

110 3125 221 3196 mogno
257 3119 400 3178 industrio
429 3118 539 3177 bellum
573 3119 734 3195 apparovit.
793 3121 832 3177 Et
865 3125 926 3194 quo
961 3119 1119 3179 studiosius

110 3231 296 3283 armorentur
330 3224 529 3300 insigniusque
567 3229 749 3296 ornorentur,
785 3224 917 3301 praemia
954 3226 1118 3301 proposuit,

110 3332 220 3406 quibus
248 3329 438 3402 donorentur,
466 3334 592 3405 quorum
621 3330 739 3406 Egregia
766 3330 796 3388 in
823 3336 860 3389 eo
887 3335 919 3389 ro
947 3331 1048 3389 fuisset
1076 3332 1118 3389 in·

110 3436 233 3495 dustria.
277 3435 363 3494 Fe'cit
385 3434 467 3493 idem
495 3435 527 3493 in
551 3435 795 3494 exercitotionum
819 3436 984 3511 generibus,
1006 3446 1048 3508 ut,
1070 3444 1120 3511 qui

111 3547 220 3600 coteris
259 3542 482 3617 praestitissent,
521 3547 572 3600 eos
610 3547 722 3617 mognis
760 3540 904 3600 adficeret
940 3542 1118 3601 moneribus.
1142 3572 1170 3618 30

113 3648 172 3705 His
196 3647 284 3723 igitur
306 3647 394 3706 robus
423 3648 526 3707 edocit
553 3657 585 3705 ut
613 3658 644 3705 et
662 3647 889 3706 ‘omotissimum
918 3657 949 3705 et
978 3649 1119 3707 exercito-

113 3753 260 3812 tissimum
294 3752 418 3813 haboret
453 3753 625 3811 exercitum.
680 3753 762 3835 Huic
794 3771 863 3810 cum
894 3764 1010 3829 tempus
1041 3764 1119 3812 esset
