2817 4250
436 850 536 907 XXII.
572 849 800 908 HAMILCAR.

154 1041 180 1096 1.
210 1037 375 1108 Hamilcar,
402 1036 578 1123 Hannibalis
603 1036 692 1108 silius,
718 1036 897 1112 cagnamine
922 1037 1024 1109 Barca,
1049 1037 1121 1096 Car-

42 1160 46 1167 ’
111 1144 317 1220 thaginiensis,
348 1148 444 1217 prima
480 1143 610 1200 Poenica
645 1141 734 1214 bella,
765 1141 819 1200 sed
854 1143 1037 1217 temporibus
1071 1161 1121 1201 ex·

112 1256 227 1322 tremis,
250 1249 413 1308 admodum
435 1247 672 1308 adulescentulus
693 1249 725 1306 in
746 1249 843 1308 Sicilia
864 1267 1001 1324 praeesse
1023 1250 1123 1325 coepit

112 1348 267 1414 exercitui.
324 1357 401 1415 Cum
432 1364 501 1414 ante
534 1355 596 1413 eius
624 1354 786 1414 adventum
818 1365 847 1413 et
878 1361 952 1413 mari
982 1366 1012 1413 et
1046 1360 1124 1414 terra

112 1463 194 1520 male
228 1467 275 1520 res
309 1471 480 1537 gererentur
514 1461 810 1536 Carthaginiensium,
839 1462 902 1537 ipse
933 1461 983 1521 ubi
1018 1461 1122 1533 adfuit,
1146 1471 1157 1521 5

111 1587 279 1644 numquam
301 1568 378 1626 hosti
398 1568 486 1626 cessit
507 1585 605 1643 neque
625 1568 724 1626 locum
749 1569 880 1627 nocendi
903 1568 997 1640 dedit,
1019 1587 1121 1644 saepe-

112 1694 175 1750 que
200 1680 218 1734 e
242 1675 391 1733 contrarie
415 1674 572 1733 occasiane
600 1674 671 1733 data
698 1674 842 1733 lacessivit
870 1692 1046 1749 semperque
1075 1693 1121 1732 su-

112 1781 217 1856 perior
241 1779 385 1839 discessit.
427 1781 497 1854 Qua
522 1780 611 1853 sacta,
632 1798 701 1838 cum
727 1798 823 1855 paene
848 1782 947 1839 omnia
970 1781 1001 1838 in
1025 1780 1123 1840 Sicilia

113 1889 211 1945 Poeni
240 1887 415 1959 amisissent,
444 1886 492 1944 ille
528 1888 656 1960 Erycem
692 1893 733 1944 sic
768 1885 911 1958 defendit,
943 1896 975 1943 ut
1011 1885 1121 1945 bellum

112 1998 152 2052 ee
182 1993 250 2051 loca
278 2003 394 2068 gestum
422 1998 483 2050 nen
510 1992 667 2051 videretur.
715 1994 837 2050 Interim
865 1991 1122 2067 Carthaginienses
1146 2022 1172 2053 ιο

112 2100 210 2158 classe
235 2098 316 2174 apud
340 2099 448 2158 insulas
472 2100 600 2174 Aegates
624 2099 698 2158 aC.
722 2099 847 2170 Lutatia,
870 2098 990 2157 cansule
1012 2099 1122 2157 Rama·

112 2212 234 2278 narum,
269 2212 398 2280 superati
431 2210 594 2263 statnemnt
628 2206 699 2263 belli
733 2207 830 2263 iacere
866 2204 961 2262 finem
996 2222 1121 2279 eamque

113 2331 180 2370 rem
209 2312 329 2370 arbitria
358 2316 552 2387 permisemnt
582 2272 798 2423 Hamilcaris..
816 2311 869 2368 Ille
898 2316 953 2368 etsi
982 2310 1123 2385 flagrabat

113 2417 248 2477 bellandi
272 2417 444 2493 cupiditate,
466 2428 566 2475 tamen
591 2423 659 2493 paci
682 2416 869 2474 serviendum
894 2416 1015 2490 putavit,
1040 2415 1123 2490 quod

113 2524 243 2599 patriam
279 2524 452 2582 exhaustam
489 2525 654 2599 sumptibus
690 2523 799 2581 diritius
837 2522 1019 2580 calamitates
1054 2523 1123 2581 belli
1147 2542 1171 2589 ις

114 2633 193 2688 ferre
225 2636 286 2689 nan
316 2649 404 2705 posse
435 2630 634 2706 intellegebat,
663 2629 717 2688 sed
749 2630 790 2686 ita
822 2639 856 2687 ut
889 2629 986 2687 statim
1023 2639 1122 2687 mente

113 2737 250 2811 agitaret,
278 2742 302 2794 si
339 2737 460 2812 paulum
496 2736 588 2795 modo
626 2741 672 2795 res
713 2745 811 2793 essent
845 2736 984 2807 resectae,
1012 2735 1122 2793 bellum

113 2848 259 2927 renovare
282 2843 493 2917 Ramanasque
514 2848 601 2900 armis
622 2848 769 2918 persequi,
785 2841 926 2900 danicum
947 2850 998 2898 aut
1015 2841 1122 2900 vittate

113 2934 256 3006 vicissent
279 2958 330 3007 aut
353 2954 423 3006 victi
446 2954 550 3007 manas
574 2948 733 3007 dedissent
778 2950 849 3006 Hac
870 2948 993 3006 cansilie
1015 2953 1121 3022 pacem

114 3054 295 3126 conciliavit,
316 3054 347 3111 in
368 3059 428 3130 qua
450 3060 531 3112 tanta
553 3054 607 3112 snit
628 3054 836 3126 seneciacum
858 3054 980 3113 Catulus
1001 3059 1123 3128 negaret
1145 3076 1173 3106 20

114 3159 227 3222 bellum
262 3161 506 3235 compositfimm,
536 3160 592 3217 nisi
626 3160 675 3217 ille
709 3177 777 3216 cum
812 3166 881 3232 suis,
909 3166 960 3234 qui
994 3160 1122 3233 Erycem

115 3270 262 3338 tenerent,
285 3272 373 3323 armis
394 3266 501 3324 relictis
523 3266 621 3326 Sicilia
642 3264 833 3338 decederent,
855 3275 888 3323 ut
909 3265 1121 3323 succumbente

115 3372 211 3445 patn'a
238 3372 302 3447 ipse
327 3373 490 3447 peritfimm
515 3376 547 3430 se
571 3372 670 3448 potius
686 3353 809 3445 dixerit,
831 3390 921 3446 quam
945 3390 1013 3429 curn
1038 3376 1122 3429 tante

116 3476 228 3552 flagitia
267 3477 391 3535 domum
430 3478 555 3536 rediret:
595 3484 656 3537 nan
690 3479 770 3536 enim
805 3497 875 3536 suae
910 3496 975 3536 esse
1008 3477 1122 3535 virtatis

116 3600 199 3639 arma
218 3588 236 3640 a
257 3584 352 3657 patria
375 3594 500 3659 accepta
521 3584 659 3642 adversus
681 3584 781 3642 hostes
802 3584 974 3642 adversariis
995 3581 1121 3641 tradere.
1145 3607 1171 3653 ²5

117 3688 215 3746 Haius
236 3690 416 3763 pertinaciae
438 3690 526 3747 cessit
547 3691 677 3749 Catulus.

159 3794 200 3851 II.
228 3796 268 3853 At
292 3795 340 3853 ille
363 3806 397 3853 ut
421 3796 631 3871 Carthaginem
656 3797 746 3867 venit,
773 3796 865 3854 multa
889 3795 974 3852 aliter
997 3812 1032 3851 ac
1055 3797 1120 3868 spe-

623 3931 667 3981 ¹05
678 3962 681 3967 ,
