2817 4250
242 314 303 378 104
530 307 700 358 CORNELII
722 307 871 358 NEPOTIS
894 307 1000 357 VITAE
1242 308 1290 372 [ιιι.

287 468 437 558 Epirotos
462 481 598 557 Pyrrhus,
623 488 674 556 qui
697 499 767 539 cum
792 481 904 557 populo
929 483 1066 540 Romano
1094 482 1223 541 bellovit.
1264 485 1289 541 ls

288 607 357 647 cum
385 592 480 664 Argos
508 586 653 663 oppidum
682 593 867 663 oppugnoret
895 588 926 646 in
954 588 1170 663 Peloponnoso
1196 589 1289 664 lapide

288 696 364 753 ictus
388 694 506 753 interiit.
548 680 633 754 Unus
657 694 730 752 item
756 694 877 765 Siculus,
901 677 1059 768 Dionysius
1083 695 1173 770 prior.
1216 696 1289 752 Nam

288 811 319 859 et
343 804 433 859 mano
453 800 536 858 fortis
559 810 590 858 et
610 800 680 858 belli
700 805 811 874 peritus
833 800 886 857 luit
908 810 947 871 et,
962 799 993 859 id
1015 799 1096 875 quod
1117 801 1147 858 in
1170 806 1290 875 tyranno

252 913 348 976 snon
376 907 461 965 facile
489 912 641 982 reperitur,
670 905 793 965 minimo
821 905 1003 978 libidinosus,
1032 911 1093 964 non
1121 906 1289 977 luxuriosus,

288 1018 349 1072 non
370 1018 481 1085 avorus,
496 1013 600 1070 nollius
622 1011 752 1086 donique
774 1018 817 1070 rei
837 1011 963 1086 cupidus
984 1012 1039 1070 nisi
1058 1012 1209 1088 singularis
1229 1029 1289 1087 per-

288 1125 428 1194 petuique
453 1119 570 1195 imperii
594 1119 634 1176 ob
659 1136 785 1192 eamque
811 1135 875 1175 reru
900 1116 1046 1192 crodolis3
1077 1136 1145 1175 nam
1168 1117 1240 1176 dum
1263 1118 1290 1175 id

289 1225 400 1283 studuit
421 1229 543 1295 monite,
562 1224 666 1282 nollius
687 1223 823 1300 pepercit
845 1229 931 1296 vitae,
947 1242 1036 1298 quem
1058 1224 1120 1282 olus
1141 1224 1289 1282 insidioto-

288 1348 351 1388 rem
372 1336 496 1405 putaret.
540 1331 600 1387 Hic
622 1348 689 1387 cum
712 1330 818 1388 virtote
840 1329 1026 1405 tyrannidem
1047 1330 1103 1388 sibi
1120 1331 1289 1405 peperisset,

240 1462 267 1492 ιο
289 1442 394 1511 mogna't
425 1437 544 1494 retinuit
576 1437 741 1507 solicitote3
781 1435 875 1493 moior
906 1436 986 1494 enim
1017 1441 1110 1494 annos
1143 1437 1290 1511 sexaginta

288 1549 372 1600 na'tus
393 1542 521 1601 decessit
543 1542 667 1600 florente
688 1545 789 1616 rogno.
832 1542 939 1617 Neque
960 1542 991 1600 in
1009 1551 1069 1600 tam
1091 1541 1189 1600 multis
1210 1549 1289 1600 annis

288 1650 459 1723 colusquam
485 1667 521 1706 ex
546 1654 598 1706 suo
619 1649 709 1723 stirpe
732 1649 822 1706 sonus
846 1648 929 1720 vidit,
952 1666 1021 1706 cum
1047 1667 1084 1706 ex
1108 1649 1200 1707 tribus
1222 1654 1287 1706 uxo-

287 1755 368 1814 ribus
387 1754 495 1813 liberos
516 1760 702 1829 procreasset
723 1755 865 1829 multique
888 1761 915 1812 ei
936 1760 998 1812 noti
1018 1765 1116 1813 essent
1137 1760 1269 1831 nepotes.

329 1862 388 1919 III.
418 1862 442 1918 F
444 1865 547 1918 uorunt
569 1866 723 1934 praetereo
747 1866 845 1936 mogni
869 1865 953 1936 rogos
978 1879 1015 1918 ex
1040 1866 1141 1918 amicis
1166 1862 1287 1920 Alexan-

239 1987 263 2034 ις
287 1966 333 2024 dri
357 1968 468 2042 Mogni,
489 1973 540 2041 qui
564 1977 632 2041 post
657 1966 771 2025 obitum
797 1967 858 2024 olus
883 1966 1007 2043 impen'a
1032 1970 1184 2041 ceporunt,
1206 1968 1236 2024 in
1250 1973 1287 2024 eis

287 2051 450 2148 Antigonus
472 2082 501 2130 et
522 2071 607 2131 holus
629 2073 710 2131 lilius
732 2072 911 2145 Domotrius,
927 2073 1126 2148 Lysimachus,
1143 2073 1286 2145 Seleucus,

288 2179 483 2237 Ptolemaeus.
526 2181 572 2237 Ex
600 2178 643 2236 his
668 2180 833 2254 Antigonus
858 2179 888 2236 in
912 2179 1036 2254 proelio,
1059 2198 1128 2237 cum
1152 2180 1287 2237 adversus

286 2285 442 2343 Seleucum
473 2295 504 2342 et
535 2284 744 2359 Lysimachum
774 2284 938 2357 dimicoret
967 2290 1081 2343 occisus
1117 2295 1171 2343 est.
1228 2288 1288 2343 Pari

286 2390 346 2449 loto
370 2389 505 2448 adfectus
527 2401 572 2449 est
597 2390 789 2466 Lysimachus
815 2390 853 2450 ab
874 2390 998 2449 Seleuco
1009 2412 1017 2462 ;
1046 2410 1173 2466 namque
1197 2391 1286 2449 socie·

235 2521 264 2553 20
286 2503 346 2555 tote
375 2496 516 2554 dissoluto
542 2495 653 2554 bellum
680 2497 758 2553 inter
785 2499 817 2555 so
845 2500 1006 2571 gessorunt.
1048 2498 1087 2555 At
1112 2498 1287 2567 Dometrius,

285 2620 354 2660 cum
375 2602 472 2659 filiam
494 2620 575 2659 suam
598 2602 723 2660 Seleuco
745 2602 775 2658 in
800 2602 1017 2660 motrimonium
1040 2601 1171 2660 dedisset
1192 2621 1286 2678 neque

285 2713 323 2766 eo
344 2708 435 2783 magis
457 2706 524 2765 sida
545 2707 622 2765 inter
642 2712 695 2765 eos
715 2708 845 2765 amicitia
865 2712 985 2766 manere
1010 2708 1163 2782 potuisset,
1186 2720 1286 2785 captus

284 2814 363 2873 bello
381 2814 413 2871 in
434 2811 570 2871 custodio
590 2831 675 2871 socer
696 2818 798 2887 generi
819 2813 906 2887 periit
928 2819 946 2870 ῐι
965 2814 1077 2872 morbo.
1122 2814 1230 2889 Neque
1250 2815 1287 2872 ita

284 2920 378 2978 multo
396 2931 464 2995 post
483 2919 621 2979 Seleucus
640 2921 658 2976 o
677 2919 850 2978 Ptolemaeo
869 2920 1007 2978 Cerauno
1026 2919 1096 2978 dolo
1118 2921 1286 2980 interfectus

233 3053 260 3101 ²5
284 3035 338 3097 est,
366 3043 456 3100 quem
484 3025 533 3083 ille
564 3030 582 3082 o
612 3035 695 3099 patre
729 3025 883 3100 expulsum
913 3025 1099 3084 Alexandroo
1129 3026 1286 3085 alionarum

284 3150 376 3208 opum
412 3131 595 3206 indigentem
631 3136 793 3206 recoperat.
850 3132 919 3206 lpse
955 3141 1054 3190 autem
1092 3133 1286 3205 Ptolemaeus,

283 3256 353 3295 curn
383 3243 463 3295 vivus
494 3236 560 3295 lilio
591 3240 713 3311 rognum
742 3236 920 3309 trodidisset,
949 3237 988 3297 ab
1015 3238 1065 3296 illo
1093 3238 1202 3296 eodem
1230 3244 1287 3297 vita

283 3348 411 3420 privotus
432 3342 545 3400 dicitur.
850 3346 854 3352 '

324 3450 372 3507 Do
393 3448 499 3523 quibus
519 3448 661 3522 quoniam
686 3448 756 3507 satis
781 3447 894 3507 dictum
919 3454 1065 3523 putomus,
1086 3454 1148 3507 non
1173 3450 1282 3509 incom-

233 3576 261 3621 30
282 3554 406 3614 modum
437 3553 554 3612 vidotur
587 3560 648 3611 non
679 3561 838 3629 praeterire
871 3556 1073 3613 Hamilcarem
1106 3566 1136 3615 et
1171 3556 1282 3615 Hanni·

282 3661 390 3731 balem,
411 3664 487 3733 quos
511 3668 541 3715 et
562 3660 653 3716 animi
675 3659 876 3743 mognitrjdine
898 3670 928 3719 et
949 3659 1109 3720 calliditote
1130 3666 1234 3720 omnos
1254 3662 1282 3718 in

282 3766 381 3824 Africo
401 3769 486 3822 notos
507 3766 685 3838 praestitisse
708 3771 831 3823 constat.
