2817 4250
514 811 572 868 111.
599 795 824 868 Anrsrioies

154 913 237 1053 ff}
259 986 412 1059 Aristides,
435 987 603 1062 Lysimachi
623 987 715 1059 lilius,
736 986 934 1058 Atheniensis,
956 985 1087 1060 aequelis
1109 984 1170 1043 fere

165 1095 220 1152 fuit
242 1093 437 1162 Themistocli
462 1103 551 1168 atque
577 1111 645 1150 cum
671 1097 708 1149 ee
733 1091 772 1150 de
800 1092 967 1167 principetti
996 1090 1150 1149 contendit
1160 1111 1169 1163 ;
1193 1092 1198 1159 l
1294 1133 1302 1180 ².

165 1218 294 1274 namque
324 1200 525 1258 obtrecterunt
552 1199 629 1256 inter
656 1203 695 1256 se.
741 1199 777 1255 In
804 1197 850 1255 his
884 1207 984 1255 autem
1018 1182 1197 1271 cegnituml
1300 1181 1303 1184 ⁴

86 1237 147 1366 &di
164 1316 219 1377 est,
239 1309 351 1379 quante
373 1303 525 1362 antisteret
546 1303 716 1378 eloquentia
740 1303 936 1361 innocentiae.
980 1303 1170 1377 Quamquam

53 1357 104 1462 Q
167 1409 246 1467 enim
269 1409 347 1467 adee
370 1373 539 1467 efflebet
562 1408 703 1466 Aristides
733 1409 917 1479 abstinentie,
941 1419 974 1466 ut
1001 1414 1075 1466 tinus
1103 1418 1206 1495 postl5

167 1515 321 1573 hominum
346 1515 530 1586 memoriam,
551 1533 641 1588 quem
667 1515 790 1588 quidem
815 1519 870 1573 nes
891 1514 1079 1586 audierimus,
1101 1518 1183 1589 erig-¹

166 1621 287 1679 nemine
303 1625 400 1681 Iestus
424 1621 461 1678 sit
485 1620 659 1695 appelletus,
682 1630 781 1678 tamen
806 1620 1046 1678 {Themistocle
1071 1578 1218 1683 conta-ld
1250 1575 1261 1654 i

170 1723 301 1785 befactus
326 1697 764 1785 testule‘ffiiffiffi'ecem
790 1731 933 1784 annerum
956 1726 1095 1784 multetus
1116 1736 1185 1794 esti

168 1833 229 1906 Qui
255 1832 377 1907 quidem
411 1850 479 1888 cum
508 1832 690 1906 intellegeret
719 1832 839 1906 reprimi
866 1832 1046 1889 concitatam
1075 1831 1170 1889 multi·
1376 1825 1388 1842 ⁰

167 1937 303 1996 tiidinem
331 1943 392 1995 nen
416 1956 514 2013 posse,
541 1938 711 2012 cedensque
739 1937 993 1996 animadvertisset
1021 1937 1222 2012 quendam110
1347 1851 1387 2036 i

168 2045 357 2115 scribentem,
382 2053 413 2101 ut
441 2044 536 2118 patrie
563 2043 730 2118 pelleretur,
758 2044 908 2118 quaesisse
936 2045 975 2102 ab
1002 2049 1039 2101 ee
1067 2043 1188 2106 diciturl

167 2158 226 2225 quai
240 2157 271 2208 re
286 2150 317 2207 id
332 2152 442 2209 faceret
459 2164 509 2208 aut
528 2152 600 2225 quid
628 2150 770 2208 Aristides
792 2150 997 2261 Qt,
1019 2156 1070 2208 cirr
1092 2156 1173 2207 tante
1201 2097 1345 2299 3¹11}

168 2260 268 2331 poene
295 2255 401 2331 dignus
421 2254 595 2334 Qssffiiut·
638 2256 696 2315 Cui
722 2256 770 2313 ille
799 2256 953 2330 respondit
979 2261 1010 2313 se
1037 2255 1195 2333 ignerairel

168 2360 327 2433 Aristiden,
355 2360 409 2419 sed
437 2361 492 2419 sibi
520 2366 580 2419 nen
603 2361 732 2436 placere,
757 2360 839 2434 quod
868 2372 928 2419 tam
954 2360 1063 2436 cupide
1091 2362 1171 2420 labe·

168 2473 263 2525 resset
283 2476 316 2525 ut
338 2477 454 2541 praeter
476 2471 592 2524 cereres
611 2468 707 2525 Iristus
731 2467 935 2542 appellaretur.
978 2469 1040 2524 Hic
1064 2466 1172 2524 decem
1197 2498 1221 2545 ¹5

169 2579 314 2631 annerum
329 2575 490 2649 legitimam
509 2593 638 2648 poenam
659 2580 721 2630 non
741 2572 870 2647 pertulit.
912 2574 990 2630 Nam
1013 2584 1172 2648 postquam
1191 2575 1196 2621 l

168 2680 283 2737 Xerxes
303 2679 334 2736 in
355 2678 512 2738 Graeciam
531 2677 696 2751 descendit,
712 2683 795 2736 sexte
817 2679 878 2735 fere
899 2684 978 2736 anne
999 2697 1088 2753 quam
1110 2690 1173 2737 erat
1191 2668 1197 2744 l

170 2785 317 2859 expulsus,
336 2784 439 2859 populi
459 2788 533 2842 scite
554 2784 585 2842 in
606 2784 729 2858 patriam
752 2784 900 2842 restititns
921 2794 975 2842 est.
1051 2780 1085 2947 j

137 2872 177 2965 Ν
213 2892 254 2948 II.
283 2890 419 2948 Interfuit
441 2900 540 2947 autem
564 2894 679 2965 prignae
703 2890 797 2947 nivili
819 2890 897 2964 apud
922 2889 1075 2962 Salamin,
1097 2908 1173 2965 quae

170 2997 249 3054 facta
277 3005 321 3054 est
348 2996 428 3071 prius
455 3014 544 3071 quam
572 3000 671 3071 poene
700 2996 878 3054 libereretur.
934 2983 1021 3054 Idem
1056 3006 1175 3071 praetor
1196 3029 1224 3059 20

170 3102 226 3160 fuit
244 3101 467 3160 Atheniensium
486 3101 566 3176 apud
586 3101 719 3159 Plataees
739 3101 770 3159 in
788 3101 903 3175 proelie
922 3107 981 3175 que
1001 3103 1016 3158 f
1019 3107 1087 3160 risus
1107 3103 1173 3160 bar·
1271 3147 1273 3151 .

172 3209 310 3267 barinum
338 3208 483 3265 exercitus
511 3207 744 3282 Mardoniusque
773 3207 943 3266 interfectus
971 3217 1025 3265 est.
1067 3209 1174 3282 Neque

172 3314 252 3373 alind
278 3323 322 3371 est
345 3313 436 3371 iillum
461 3312 546 3371 hiius
571 3313 603 3370 in
623 3318 654 3371 re
676 3314 792 3371 milita‘ui
812 3313 931 3371 inlistre
951 3314 1062 3372 lactum
1085 3332 1175 3389 quam

173 3420 235 3477 eius
259 3419 377 3493 imperii
397 3419 550 3490 memoria,
572 3419 698 3477 iistitiae
720 3424 789 3477 vere
811 3429 840 3477 et
861 3420 1016 3494 aequitetis
1037 3429 1068 3478 et
1091 3420 1174 3478 inno-

174 3526 289 3584 centiae
312 3525 412 3597 multa,
433 3526 463 3583 in
484 3531 585 3599 primis
606 3523 688 3599 quod
711 3525 811 3605 htiius
815 3526 965 3599 acquirite
987 3526 1097 3584 sactum
1121 3537 1175 3598 est,
1198 3555 1223 3601 ²5

174 3650 243 3689 cum
261 3631 293 3689 in
307 3636 458 3689 commeni
471 3632 564 3689 classe
582 3641 659 3690 esset
674 3631 819 3690 Graeciae
836 3631 922 3688 simul
943 3650 1011 3689 cum
1033 3634 1177 3691 Pausania

175 3742 283 3814 —que
305 3736 382 3795 duce
407 3736 581 3796 Mardonius
608 3746 670 3795 erat
694 3737 898 3813 fugatus—ut
923 3754 1037 3795 summa
1061 3738 1177 3815 imperii

690 3871 719 3923 ¹7
