2817 4250
423 800 505 858 xx1.
541 785 598 857 ni:
633 785 822 860 REGIBUS.

160 985 186 1041 1.
217 985 262 1041 Hi
285 984 346 1042 fero
370 985 487 1044 fuorunt
512 987 644 1044 Graecae
670 987 766 1060 gentis
791 986 882 1044 ducos
907 992 958 1061 qui
983 987 1126 1045 memorio

115 1088 203 1163 digni
240 1088 405 1162 videantur,
435 1101 553 1166 praeter
587 1096 671 1165 rogos
682 1112 690 1163 ;
731 1109 858 1166 namque
894 1096 945 1150 eos
981 1093 1124 1167 attingere

113 1194 276 1266 noluimus,
291 1194 373 1270 quod
394 1197 527 1254 omnium
548 1201 594 1254 ros
615 1206 717 1271 gestae
738 1197 895 1272 soparotim
918 1206 985 1255 sunt
1007 1198 1122 1256 relatae.

115 1301 227 1375 Neque
257 1311 356 1359 tamen
384 1302 403 1359 ii
430 1300 593 1360 admodum
621 1312 689 1360 sunt
722 1303 814 1361 multi.
870 1302 1125 1363 Lacedaemonius

115 1416 219 1464 autem
252 1407 402 1482 Agosilaus
434 1408 565 1480 nomine,
594 1413 654 1466 non
689 1414 837 1482 potestate
872 1409 925 1466 fuit
960 1414 1020 1480 rex,
1049 1416 1125 1468 sicut
1148 1429 1159 1476 5

115 1517 211 1570 coteri
244 1513 386 1587 Spartani.
443 1514 490 1570 Ex
515 1518 558 1572 eis
591 1518 670 1584 voro,
699 1521 750 1588 qui
780 1513 964 1572 dominorum
998 1515 1123 1590 imperio

115 1622 285 1690 tenuorunt,
311 1619 548 1677 excellentissimi
572 1619 698 1690 fuerunt,
724 1630 756 1677 ut
780 1624 834 1677 nos
860 1619 1032 1692 iodicomus,
1055 1623 1123 1678 Per·

115 1730 214 1781 sorum
241 1725 335 1798 Cyrus
359 1734 389 1783 et
414 1726 537 1797 Dorous,
563 1726 706 1801 Hystaspi
731 1725 821 1797 filius,
847 1731 972 1800 quorum
999 1737 1123 1802 uterque

114 1835 245 1905 privatus
273 1830 379 1887 virtote
408 1834 530 1905 rognum
559 1840 604 1888 est
628 1829 764 1905 adeptus.
807 1832 889 1889 Prior
914 1831 1018 1890 horum
1043 1833 1123 1908 apud

114 1937 302 2010 Massagetas
336 1935 367 1992 in
400 1936 514 2010 proelio
548 1936 667 2008 cecidit,
704 1938 817 1994 Darous
853 1942 1006 1995 senectote
1042 1938 1122 1996 diem
1147 1913 1200 1995 ιο.

114 2041 191 2100 obiit
222 2046 403 2116 supromum.
456 2043 530 2100 Tres
562 2052 630 2100 sunt
661 2048 815 2117 praeterea
847 2042 979 2101 Eiusdem
1007 2044 1121 2118 gentis:

112 2150 229 2206 Xerxos
267 2158 298 2205 et
336 2148 396 2205 duo
433 2151 622 2219 Artaxerxae,
662 2148 832 2207 Macrochir
873 2150 1051 2224 cognomine
1093 2159 1123 2208 et

114 2256 274 2312 Mnomon.
316 2256 405 2311 Xerxi
426 2254 554 2311 maximo
576 2264 620 2312 est
641 2254 770 2325 inlostre,
793 2253 874 2329 quod
898 2256 1030 2313 maximis
1055 2266 1123 2331 post

114 2360 271 2419 hominurn
307 2360 481 2417 memoriam
518 2360 695 2418 exercitibus
735 2366 812 2417 terro
847 2366 978 2435 marique
1013 2361 1123 2419 bellum

114 2467 215 2524 intulit
236 2466 390 2525 Graeciae.
432 2469 472 2523 At
494 2466 663 2523 Macrochir
683 2466 874 2540 praecipuam
896 2466 985 2525 habet
1004 2466 1122 2525 laudem
1147 2488 1171 2535 ¹5

113 2572 316 2647 amplissimae
344 2572 617 2647 pulcherrimaeque
645 2572 777 2646 corporis
806 2572 933 2643 formae,
962 2591 1050 2646 quam
1078 2573 1121 2630 in-

114 2678 252 2736 credibili
276 2678 390 2735 ornovit
414 2678 521 2735 virtote
546 2677 634 2749 belli3
666 2695 795 2752 namque
824 2677 873 2735 illo
903 2680 1004 2736 Persos
1033 2683 1122 2736 nomo

114 2789 206 2841 mano
232 2783 286 2842 fuit
311 2784 421 2841 sortior.
465 2785 609 2841 Mnomon
630 2793 730 2841 autem
752 2783 878 2841 iostitiae
900 2783 984 2841 foma
1005 2784 1102 2841 floruit
1114 2806 1121 2855 ;

114 2909 186 2947 nam
214 2908 283 2946 cum
312 2889 411 2948 motris
439 2908 510 2947 suae
538 2890 647 2947 scelere
676 2890 822 2947 omisisset
850 2893 982 2961 uxorem,
1007 2899 1122 2948 tantum

114 2994 238 3054 indulsit
273 2994 378 3066 dolon,
407 3005 439 3053 ut
474 3013 542 3052 eum
577 2995 671 3069 pietas
707 2995 847 3053 vinceret.
904 2996 949 3052 Ex
983 2994 1027 3052 his
1062 2994 1123 3053 duo
1145 3019 1173 3050 ιο

114 3100 226 3160 eodem
252 3102 372 3159 nomine
398 3101 504 3159 morbo
527 3105 647 3159 notorae
673 3100 808 3159 dobitum
837 3098 1038 3172 reddidorunt,
1064 3110 1121 3159 ter·
1175 3103 1179 3111 '

114 3207 174 3265 tius
196 3207 234 3265 ab
256 3208 404 3265 Artabano
426 3206 577 3281 praefecto
599 3206 675 3264 ferro
698 3207 893 3281 interemptus
914 3215 968 3263 est.

158 3314 200 3370 II.
230 3314 277 3370 Ex
306 3313 507 3370 Macedonum
540 3322 638 3369 autem
669 3321 758 3386 gente
790 3310 849 3369 duo
882 3311 974 3369 multo
1006 3315 1123 3370 coteros

117 3423 340 3477 antecessorum
360 3423 457 3476 rorum
481 3424 629 3493 gestorum
654 3417 763 3492 glorio:
794 3417 954 3491 Philippus,
976 3418 1123 3491 Amyntae

116 3524 207 3594 lilius,
243 3534 273 3581 et
310 3522 476 3581 Alexander
515 3524 648 3598 Magnus.
706 3524 821 3580 Horum
862 3522 935 3579 alter
973 3523 1123 3597 Babylone
1146 3548 1172 3595 ²5

117 3630 225 3689 morbo
250 3634 443 3704 consomptus
468 3638 520 3700 est,
544 3629 695 3704 Philippus
720 3628 817 3703 Aegiis
840 3633 857 3684 a
881 3628 1031 3699 Pausania,
1054 3647 1122 3686 curn

117 3740 285 3811 spectotum
314 3734 400 3793 lodos
427 3741 492 3807 iret,
517 3735 598 3792 iuxta
625 3734 771 3791 theotmm
801 3739 915 3791 occisus
944 3744 997 3791 est.
1038 3720 1122 3792 Unus

626 3868 671 3918 ¹⁰3
