2817 4250
132 351 181 400 111..
194 339 257 405 1v.]·
395 395 396 398 Ἴ
575 337 754 388 CHABRIAS
1150 339 1187 406 55

133 515 227 572 lectus
253 513 414 588 Aegyptiae
440 513 526 570 classi
550 512 685 586 praefuit,
710 510 898 587 pedestribus
923 510 1017 586 cepiis
1041 510 1139 586 Agesi-

131 621 204 678 leus

174 726 233 783 III.
259 726 337 782 Tum
358 723 501 798 praefecti
523 723 598 799 regis
621 725 728 781 Persae
750 723 862 798 legetes
884 728 1024 781 miserunt
1048 723 1138 782 Athe-

131 837 186 888 nes
221 840 368 905 questum,
403 828 485 904 quod
520 829 662 888 Chabriais
697 828 853 886 adversum
891 833 991 904 regem
1029 828 1138 888 bellum

130 947 249 1012 gereret
277 954 345 992 cum
373 936 532 1010 Aegyptiis
587 934 783 992 Athenienses
811 935 891 992 diem
921 946 1033 994 certam
1061 936 1138 994 Cha·
1163 957 1174 1004 5

131 1043 213 1100 briae
251 1041 487 1116 praestituerunt,
527 1059 616 1115 quam
653 1051 722 1097 ante
757 1040 880 1098 domum
916 1042 972 1100 nisi
1005 1042 1137 1114 redisset,

131 1147 237 1222 eapitis
264 1152 295 1205 se
320 1147 401 1204 illum
423 1145 613 1204 damnitrin'is
635 1147 854 1206 denuntiarunt.
899 1149 970 1232 Hbc
991 1148 1040 1207 ille
1064 1153 1138 1206 nrin-

131 1254 175 1311 tie
203 1253 334 1311 Athenis
363 1252 458 1326 rediit,
483 1270 580 1327 neque
609 1252 650 1310 ibi
678 1253 788 1311 diritius
817 1263 861 1312 est
889 1260 1027 1325 moratus,
1049 1272 1138 1328 quam

132 1359 187 1416 suit
211 1377 342 1417 necesse.
386 1360 455 1416 Non
477 1359 556 1416 enim
579 1358 704 1417 libenter
727 1369 789 1417 erat
810 1370 878 1418 ante
900 1361 1002 1419 ocules
1021 1365 1139 1417 suerum

131 1465 250 1537 civium,
272 1465 354 1539 quod
376 1474 405 1522 et
429 1466 546 1523 vivebat
570 1464 648 1523 laute
675 1475 705 1523 et
726 1465 897 1540 indulgebat
919 1466 974 1524 sibi
995 1466 1139 1524 liberelius
1163 1493 1189 1524 ιο

131 1590 223 1647 quam
251 1581 284 1628 ut
310 1570 451 1629 invidiam
479 1570 557 1645 vulgi
585 1582 686 1645 posset
714 1572 851 1647 effugere.
895 1574 948 1631 Est
977 1573 1055 1630 enim
1081 1574 1139 1631 hec

130 1682 292 1735 commrine
317 1676 420 1734 vitium
449 1683 561 1752 magnis
590 1678 746 1752 liberisque
771 1679 945 1750 civitatibus,
969 1689 1002 1736 ut
1029 1678 1139 1736 invidia

129 1783 242 1859 gleriae
277 1800 380 1840 comes
415 1782 451 1840 sit
486 1793 516 1840 et
551 1783 677 1842 libenter
715 1783 755 1841 de
788 1791 830 1841 eis
868 1784 1023 1842 detrahant
1064 1790 1139 1858 ques

130 1890 264 1948 eminere
301 1889 422 1947 videant
458 1889 553 1960 altius,
589 1908 686 1963 neque
724 1890 824 1947 anime
862 1896 958 1965 aequb
993 1896 1139 1966 pauperes

130 1997 259 2053 alienam
288 1995 469 2069 opulentiam
498 1995 675 2053 intueantur.
726 1997 830 2070 Itaque
859 1997 1010 2068 Chabriais,
1039 1997 1137 2071 quoad
1163 2019 1187 2066 15

131 2109 161 2161 ei
183 2102 299 2174 licebat,
317 2102 475 2177 plerimum
498 2102 608 2161 aberat.
652 2102 758 2176 Neque
779 2107 849 2161 vere
872 2103 949 2161 selus
970 2103 1018 2161 ille
1037 2103 1139 2162 aberat

131 2209 257 2267 Athenis
279 2210 413 2281 libenter,
432 2209 485 2267 sed
507 2213 611 2267 omnes
637 2209 697 2265 sere
720 2210 868 2283 principes
889 2209 1027 2267 iecerunt
1047 2210 1138 2282 idem,

131 2314 215 2390 quod
244 2326 360 2373 tantum
387 2320 419 2373 se
447 2315 485 2373 ab
513 2314 624 2373 invidia
650 2316 795 2389 putebant
826 2316 965 2387 aisutrires,
995 2328 1138 2391 quantum

131 2426 337 2497 acenspectri
358 2426 477 2479 suemm
498 2421 681 2478 recesserint.
725 2422 829 2495 Itaque
852 2421 960 2479 Conen
980 2422 1138 2496 plurimum

132 2528 226 2602 Cypri
260 2528 339 2598 vixit,
372 2513 540 2602 iphicrates
575 2527 605 2583 in
639 2526 794 2598 Thraecia,
828 2528 1002 2585 Timotheus
1042 2529 1138 2600 Lesbi,
1161 2553 1189 2584 ιο

132 2634 248 2693 Chares
273 2634 356 2708 ffige,
379 2632 526 2691 dissimilis
548 2632 670 2707 quidem
693 2633 805 2691 Chares
826 2633 931 2690 herum
953 2646 983 2691 et
1004 2634 1087 2692 sactis
1109 2644 1146 2692 et

133 2739 275 2810 menibus,
288 2722 350 2797 vsed
373 2749 473 2796 tamen
494 2739 617 2796 Athenis
639 2750 669 2796 et
690 2738 850 2797 honeretus
871 2750 901 2796 et
922 2744 1037 2813 potens,

176 2846 228 2902 IV.
258 2845 400 2903 Chabries
439 2855 537 2902 autem
575 2845 662 2919 periit
700 2844 779 2902 belle
817 2846 918 2902 sociali
953 2846 1002 2903 taili
1037 2845 1138 2904 mode.

133 2951 357 3025 Oppirgnabant
373 2950 569 3008 Athenienses
586 2951 706 3009 Chium.
748 2952 821 3007 Erat
837 2951 868 3007 in
885 2951 977 3009 classe
997 2952 1139 3010 Chabrias

132 3062 272 3131 privatus,
298 3056 350 3115 sed
379 3061 492 3127 omnes
519 3063 569 3131 qui
597 3056 627 3112 in
651 3056 823 3130 magistretir
847 3066 939 3128 erant,
964 3058 1139 3115 aucteritete
1162 3085 1188 3129 ²5

133 3163 276 3232 anteibat,
302 3180 429 3236 eumque
455 3162 547 3236 magis
572 3162 678 3219 milites
703 3180 793 3235 quam
817 3168 868 3235 qui
895 3173 1050 3237 praeerant
1078 3182 1138 3221 sus-

133 3267 294 3343 piciebant.
346 3268 431 3341 Quae
460 3272 506 3325 res
535 3274 563 3324 ei
590 3268 746 3324 meterrevit
774 3278 909 3326 mortem.
961 3269 1039 3325 Nam
1066 3268 1139 3326 dum

28 3392 32 3399 ’
133 3382 248 3449 primus
285 3373 385 3431 studet
424 3384 541 3447 portum
583 3374 691 3430 intrere
734 3374 1020 3449 gubemetbremque
1058 3375 1140 3433 iubet
1176 3452 1178 3457 Ι

134 3485 173 3537 ee
196 3479 327 3555 derigere
349 3485 463 3551 nivem,
486 3480 548 3554 ipse
570 3479 625 3537 sibi
647 3480 790 3554 pernici&
810 3480 883 3553 suit;
911 3500 980 3538 cum
1001 3481 1081 3540 enirn
1102 3487 1140 3540 ee

133 3591 329 3661 penetrasset,
347 3590 463 3643 ceterae
484 3590 545 3642 nen
567 3596 633 3642 sunt
655 3590 783 3642 secutae.
826 3586 896 3658 Que
918 3587 995 3644 facte
1015 3588 1139 3645 circum·
1162 3617 1191 3662 30

134 3692 224 3750 fusus
254 3691 382 3750 hostium
414 3695 560 3749 concursu
591 3709 659 3747 cum
692 3690 849 3748 fortissime
879 3697 1031 3767 pigneret,
1060 3695 1140 3751 nivis

133 3801 232 3855 restre
254 3814 392 3871 percussa
413 3796 514 3870 coepit
534 3794 639 3853 sidere.
682 3797 764 3853 Hinc
786 3797 918 3871 refugere
940 3816 1008 3854 cum
1030 3808 1138 3871 posset,
