2817 4250
522 353 693 403 CORNELII
717 351 865 403 NEPOTIS
888 351 995 402 VITAE
1034 409 1036 418 A
1236 350 1287 416 [1V.

281 537 462 600 contractae,
487 526 646 586 adventare
670 536 770 585 autem
800 526 969 585 dicerentur
996 517 1287 602 Hellespontumque

281 639 416 693 trinsisse
437 633 592 709 Antipater
613 643 643 692 et
663 633 801 692 Crateros
818 637 926 709 magno
947 650 1017 690 cum
1034 632 1164 690 exercitii
1185 633 1286 690 Mace·
1324 704 1328 712 ι

282 740 404 812 donum,
432 740 486 797 viri
514 758 582 797 curn
614 739 746 798 claritite
777 747 840 796 turn
871 743 925 796 risit
956 738 1025 797 belli
1056 742 1288 820 praestantes-

283 845 468 906 Macedones
495 850 566 904 vetti
594 845 700 904 milites
728 849 764 903 ea
791 853 854 902 tum
885 855 973 914 erant
999 844 1090 917 stimi,
1118 849 1178 918 quit
1207 862 1287 902 nunc

246 979 257 1026 5
282 953 410 1010 Romani
438 952 587 1025 feruntur3
624 951 735 1009 etenim
764 968 881 1026 semper
909 948 1001 1008 habiti
1030 959 1097 1008 sunt
1128 949 1287 1022 fortissimi,

283 1065 334 1133 qui
361 1064 468 1116 summi
494 1057 611 1134 imperii
637 1057 1012 1132 potirentur—Eumenes
1039 1055 1238 1131 intellegebat,
1263 1061 1289 1113 si

283 1165 388 1238 copiae
423 1181 492 1226 suae
524 1167 701 1238 cognossent
732 1162 871 1221 adversus
905 1167 980 1236 quos
1014 1149 1288 1234 ducerentur,'n6n

283 1269 376 1328 modo
397 1274 458 1328 non
479 1270 577 1341 ituras,
599 1268 652 1327 sed
674 1269 760 1327 simul
781 1286 849 1326 curn
870 1267 974 1326 nuntio
996 1267 1166 1342 dilapsuras.

324 1377 430 1449 Itaque
465 1375 522 1433 hoc
557 1381 585 1432 ei
618 1380 711 1432 visum
747 1385 792 1433 est
825 1373 1097 1449 prudentissimum,
1127 1383 1160 1430 ut
1194 1371 1287 1431 deviis

236 1500 261 1531 10
283 1481 436 1542 itineribus
461 1481 566 1540 milites
591 1479 722 1553 duceret,
745 1481 776 1538 in
799 1479 906 1555 quibus
926 1483 995 1538 veta
1016 1477 1117 1536 audire
1137 1483 1198 1538 non
1211 1457 1287 1554 ⁴pos-

283 1597 358 1660 sent,
394 1598 424 1646 et
456 1593 499 1646 eis
536 1586 728 1662 persuideret
761 1590 793 1644 se
827 1591 931 1644 contri
964 1584 1111 1660 quosdam
1145 1585 1288 1644 barbaros

284 1693 438 1769 proficisci.
480 1695 578 1767 Atque
599 1693 693 1750 tenuit
715 1692 772 1750 hoc
790 1692 975 1766 propositum
994 1701 1025 1750 et
1043 1691 1123 1766 prius
1142 1691 1173 1748 in
1191 1691 1288 1749 aciem

283 1800 445 1857 exercitum
470 1798 571 1857 eduxit
595 1799 799 1874 proeliumque
824 1797 980 1870 commisit,
1001 1815 1091 1872 quam
1116 1797 1222 1855 milites
1243 1803 1289 1854 sui

283 1911 392 1964 scirent
422 1924 490 1963 cum
512 1905 618 1979 quibus
643 1923 724 1962 arma
749 1904 925 1962 conferrent.
967 1903 1080 1962 Effecit
1103 1903 1193 1960 etiarn
1215 1902 1288 1961 illud

235 2029 259 2076 ις
282 2011 417 2069 locorum
452 2011 729 2085 praeoccupatione,
758 2019 790 2068 ut
825 2009 958 2084 equitati]
992 2009 1088 2084 potius
1123 2007 1287 2080 dimicriret,

283 2122 343 2192 quo
365 2117 430 2192 plris
451 2116 576 2188 valibat,
598 2135 688 2191 qnam
710 2114 855 2192 pedititr'r,
876 2119 937 2191 quo
959 2125 1021 2173 erat
1041 2113 1180 2173 deterior.

325 2224 376 2281 IV.
406 2223 539 2296 Quorum
567 2223 711 2280 {terrimo
739 2226 884 2281 concursu
912 2240 980 2279 cum
1007 2226 1144 2297 magnam
1172 2231 1289 2295 partem

267 2328 343 2386 'diei
367 2339 445 2387 esset
469 2333 641 2404 pugnaitum
663 2327 744 2386 cadit
769 2328 908 2386 Crateros
929 2326 989 2385 dux
1010 2337 1040 2386 et
1062 2327 1289 2402 NeoptolemuS,

283 2442 334 2511 qui
357 2435 521 2493 secundum
546 2435 645 2493 locum
671 2434 786 2509 imperii
811 2436 939 2494 tenebat.
981 2435 1059 2493 Cum
1082 2434 1139 2492 hoc
1164 2452 1288 2492 concur-

232 2562 261 2593 20
283 2543 320 2600 rit
344 2542 408 2617 ipse
434 2543 593 2599 Eumenes.
636 2540 785 2615 Quicum
807 2540 884 2599 inter
904 2545 936 2598 se
957 2540 1105 2615 complexi
1125 2540 1156 2596 in
1180 2548 1289 2597 terram

283 2666 321 2705 ex
351 2654 433 2722 equis
465 2647 656 2719 decidissent,
683 2656 717 2705 ut
749 2646 834 2705 facile
863 2646 993 2721 intellegi
1020 2655 1142 2722 possent
1169 2645 1291 2704 inimica

283 2764 383 2811 mente
404 2752 594 2811 contendisse
615 2752 774 2826 animoque
800 2752 892 2827 magis
917 2752 1006 2810 etiam
1031 2756 1178 2826 piguisse
1199 2769 1290 2825 quam

283 2877 418 2934 corpore,
445 2864 507 2917 non
540 2858 618 2933 prius
650 2857 782 2915 distracti
813 2868 880 2916 sunt
911 2876 1000 2932 quam
1032 2856 1155 2915 alterum
1191 2858 1291 2914 anima

283 2966 470 3039 relinqueret.
512 2965 559 3022 Ab
587 2964 646 3021 hoc
674 2964 786 3039 aliquot
814 2963 905 3039 plagis
934 2964 1083 3021 Eumenes
1110 2962 1289 3035 vulneratur,

233 3094 259 3139 ²5
282 3089 380 3145 neque
408 3075 446 3129 eo
478 3071 569 3145 magis
601 3088 638 3127 ex
669 3069 783 3144 proelio
814 3069 949 3140 excessit,
978 3068 1031 3127 sed
1062 3070 1157 3127 acrius
1190 3068 1291 3127 hostes

282 3177 397 3235 institit.
440 3177 500 3232 Hic
522 3162 669 3249 equitibus
690 3174 859 3250 profligatis
880 3174 1036 3232 interfecto
1057 3173 1134 3233 duce
1156 3174 1290 3245 Cratero,

283 3283 381 3340 multis
419 3287 573 3357 praetereti
609 3291 639 3339 et
675 3281 804 3339 maxime
840 3280 987 3339 nobilibus
1022 3286 1124 3356 captis,
1151 3279 1292 3355 pedester

283 3388 438 3458 exercitus²
473 3386 554 3461 quod
597 3387 627 3444 in
668 3404 704 3445 ea
741 3386 808 3446 loca
846 3397 908 3445 erat
946 3386 1092 3445 deductus
1131 3396 1163 3445 ut
1198 3386 1290 3445 invito

284 3495 419 3551 Eumene
447 3493 524 3552 elabi
551 3498 613 3550 non
640 3502 750 3567 posset,
779 3498 885 3568 picem
913 3492 953 3552 ab
980 3498 1017 3551 eo
1045 3492 1140 3568 petiit.
1191 3494 1289 3568 Quam

233 3624 261 3671 3⁰
283 3618 352 3657 cum
373 3600 569 3674 impetrasset,
587 3599 617 3655 in
638 3598 698 3656 fide
719 3604 781 3656 non
802 3598 908 3656 mainsit
922 3609 952 3656 et
968 3603 1009 3668 se,
1025 3597 1110 3654 simul
1131 3615 1166 3653 ac
1188 3596 1293 3671 potuit,

283 3704 323 3762 ad
346 3706 533 3780 Antipatrum
561 3704 683 3779 recepit.
727 3706 877 3762 Eumenes
905 3704 1058 3762 Cratemm
1087 3721 1124 3760 ex
1151 3702 1216 3759 acie
1244 3705 1288 3760 se-

284 3811 422 3868 mivivum
453 3811 562 3868 elatum
594 3815 727 3867 recreare
758 3809 868 3867 studuit
879 3830 887 3882 ;
923 3828 992 3867 cum
1023 3808 1054 3866 id
1087 3813 1147 3867 non
1179 3815 1289 3883 posset,
