2817 4250
221 315 263 377 42
514 307 684 356 CORNELII
707 306 855 356 NEPOTIS
877 306 986 354 VITAE
1166 305 1278 368 [111.,1v.

270 498 328 556 que
356 480 418 538 Eius
447 480 576 538 consiliis
604 480 726 552 obstitit,
747 497 846 555 neque
870 484 940 537 verri
968 484 1028 536 non
1053 479 1107 536 fuit
1131 489 1278 553 apertum,

271 592 294 646 si
324 587 371 645 ille
404 592 464 644 non
496 587 605 657 luisset,
633 587 801 662 Agesilaum
830 586 931 644 Asiam
961 586 1060 643 Tauro
1094 595 1181 643 tenus
1217 590 1280 660 regi

271 693 359 752 fuisse
379 698 558 768 erepturum.

313 799 371 872 Qui
395 805 499 874 postea
524 817 612 874 quam
637 798 760 856 domum
783 803 801 856 ai
822 805 880 856 suis
905 798 1017 857 civibus
1041 802 1198 856 revocatus
1223 809 1278 868 est,

236 925 247 972 ς
271 903 354 978 quod
377 904 482 961 Boeoti
504 913 533 960 et
554 903 750 961 Athenienses
772 904 1015 963 Lacedaemoniis
1036 904 1145 962 bellum
1165 903 1279 962 indixe-

272 1019 346 1081 rant,
366 1009 476 1068 Comin
497 1008 589 1066 nihilo
612 1009 700 1067 setius
721 1009 801 1084 apud
823 1010 989 1084 praefectos
1010 1010 1087 1085 regis
1107 1011 1280 1069 versabatur

271 1123 371 1191 eisque
387 1115 525 1173 omnibus
547 1120 654 1189 magno
675 1125 738 1172 erat
759 1120 830 1172 risui.

315 1221 373 1279 ΙΙΙ.
403 1221 569 1278 Defecerat
607 1226 625 1278 a
662 1225 732 1295 rege
766 1221 987 1296 Tissaphernes,
1016 1239 1114 1296 neque
1148 1220 1179 1278 id
1216 1231 1277 1278 tam

272 1329 424 1384 Artaxerxi
450 1345 539 1401 quam
564 1331 671 1385 ceteris
695 1337 758 1384 erat
782 1338 916 1402 apertum
927 1348 936 1400 ;
966 1328 1063 1384 multis
1090 1327 1170 1385 enim
1197 1333 1278 1402 mag-

225 1461 251 1493 10
272 1439 375 1508 nisque
407 1434 518 1491 meritis
549 1431 628 1508 apud
660 1437 771 1508 regern,
800 1434 888 1491 etiarn
919 1451 988 1490 curn
1016 1433 1047 1490 in
1081 1433 1181 1491 officio
1216 1439 1279 1490 non

273 1543 415 1610 maneret,
436 1539 559 1598 valebat.
604 1539 711 1614 Neque
732 1539 763 1598 id
786 1549 848 1597 erat
869 1538 1044 1610 mirandum,
1065 1546 1089 1598 si
1109 1545 1170 1596 non
1191 1539 1278 1596 facile

273 1644 313 1703 ad
340 1644 523 1702 credendum
555 1643 767 1716 adducebatur,
797 1647 986 1703 reminiscEns
1022 1646 1084 1702 Eius
1119 1649 1150 1702 se
1185 1651 1280 1720 opera

273 1751 384 1825 Cyrum
406 1751 523 1808 fratrem
545 1757 707 1825 superasse.
750 1753 847 1810 Huius
871 1751 1030 1809 accirsandi
1054 1751 1145 1826 gratia
1168 1751 1280 1809 Conon

273 1862 291 1913 a
312 1857 501 1915 Pharnabazo
522 1857 561 1914 ad
582 1861 682 1931 regem
696 1864 799 1915 missus
818 1864 922 1932 postea
942 1877 1031 1932 quam
1046 1859 1134 1929 venit,
1150 1865 1280 1932 primum

225 1984 249 2031 15
274 1981 311 2019 ex
332 1968 415 2020 more
438 1964 591 2020 Persarum
613 1962 652 2020 ad
673 1962 875 2034 chiliarchum,
897 1969 947 2037 qui
968 1963 1132 2021 secundum
1152 1963 1279 2038 gradum

274 2068 390 2143 imperii
414 2068 543 2141 tenebat,
569 2069 758 2127 Tithrausten
786 2069 910 2127 accessit
938 2073 1027 2145 seque
1054 2068 1184 2127 ostendit
1208 2088 1279 2127 cum

274 2180 342 2249 rege
371 2176 510 2249 conloqui
538 2176 622 2233 velle.
666 2175 747 2232 Huic
776 2175 833 2246 ille,
859 2176 1006 2246 “Nulla”
1033 2176 1136 2251 iuquit,
1165 2179 1280 2233 “mora

274 2292 327 2353 est,
349 2282 403 2339 sed
427 2287 458 2339 tir
480 2281 621 2352 delibera,
644 2292 741 2338 utrum
765 2282 905 2356 conloqui
929 2282 1012 2339 malis
1033 2300 1072 2338 an
1092 2299 1147 2357 per
1167 2282 1281 2339 litteras

273 2406 361 2462 agere
385 2405 461 2461 quae
487 2388 608 2462 cogitas.
651 2388 784 2445 Necesse
810 2398 853 2445 est
876 2388 965 2458 enim,
987 2394 1011 2445 si
1031 2389 1062 2445 in
1082 2392 1280 2461 conspectum

223 2518 251 2550 ιο
273 2494 397 2565 veneris
418 2499 550 2551 venerari
572 2498 601 2551 te
622 2498 742 2568 regem3
772 2498 861 2551 nemo
882 2494 960 2550 enim
982 2494 1045 2550 sine
1066 2493 1124 2551 hoc
1147 2492 1280 2550 admitti-

274 2610 328 2657 tur.
372 2601 442 2657 Hoc
470 2606 493 2657 si
521 2599 574 2657 tibi
602 2617 688 2673 grave
717 2609 771 2670 est,
796 2617 850 2673 per
878 2603 925 2656 me
953 2599 1044 2657 nihilo
1072 2599 1162 2657 setius
1190 2598 1281 2657 editis

274 2705 422 2763 mandatis
443 2705 583 2762 conficies
604 2706 686 2778 quod
708 2705 838 2763 studes.'’

313 2812 391 2868 Turn
430 2812 538 2869 Conon
572 2811 676 2868 “Mihi
716 2813 814 2882 ver6,”
846 2811 950 2885 inquit,
982 2815 1070 2868 “non
1108 2820 1153 2867 est
1189 2829 1282 2885 grave

274 2923 407 2993 quemvis
428 2916 571 2975 honorem
594 2916 703 2976 habere
725 2922 794 2991 regi,
810 2916 863 2975 sed
885 2935 987 2975 vereor
1008 2921 1046 2974 ne
1065 2917 1175 2974 civitati
1194 2935 1283 2974 meae

223 3049 250 3096 ²5
274 3024 311 3081 sit
340 3022 510 3097 opprobrio,
533 3028 566 3093 si,
588 3040 656 3079 cum
682 3041 720 3080 ex
747 3029 783 3080 ea
810 3024 865 3080 sim
895 3024 1043 3097 profectus
1068 3041 1144 3097 quae
1173 3027 1282 3080 ceteris

274 3129 410 3204 gentibus
431 3128 576 3203 imperare
598 3129 755 3199 consuerit,
771 3130 868 3204 potius
891 3129 1079 3188 barbarorum
1096 3147 1186 3203 quarn
1206 3128 1284 3186 illius

276 3240 358 3294 more
380 3236 511 3309 fungar.''
555 3236 659 3309 Itaque
682 3254 757 3309 quae
778 3235 896 3294 volebat
920 3235 988 3292 huic
1013 3241 1122 3309 scripta
1147 3234 1281 3293 tradidit.

316 3342 367 3400 IV.
397 3341 512 3415 Quibus
534 3342 658 3415 cognitis
679 3346 731 3397 rex
755 3351 869 3398 tantum
894 3342 1068 3399 auctoritate
1093 3341 1155 3398 eius
1181 3346 1284 3398 motus

275 3458 329 3519 est,
355 3456 386 3504 ut
411 3456 441 3504 et
465 3446 694 3520 Tissaphernem
720 3445 835 3503 hostem
862 3446 996 3504 iudicarit
1021 3457 1050 3503 et
1077 3446 1282 3503 Lacedaemo-

226 3582 253 3627 30
274 3554 344 3634 uiris¹
368 3552 446 3611 bello
474 3558 613 3627 persequi
640 3552 754 3610 iusserit
782 3562 812 3610 et
837 3559 865 3609 ei
889 3553 1053 3626 permiserit
1078 3570 1165 3625 quern
1192 3552 1284 3609 vellet

276 3658 382 3733 eligere
404 3658 443 3715 ad
468 3657 696 3732 dispensandam
724 3658 891 3731 pecliniam.
934 3657 971 3715 Id
995 3658 1146 3716 arbitrium
1171 3658 1282 3715 Conon

276 3764 391 3838 negavit
413 3770 457 3820 sui
478 3782 542 3821 esse
564 3764 686 3834 consilii
704 3764 757 3821 sed
779 3764 878 3838 ipsius,
898 3770 949 3837 qui
969 3764 1082 3837 optime
1103 3767 1170 3820 suos
1191 3767 1283 3820 nosse
