2817 4250
513 257 682 306 CORNELII
706 257 855 306 NEPOTIS
877 258 985 306 VITAE
1224 258 1277 321 [tx.

270 447 334 486 rem
370 429 499 488 habebat
534 430 707 502 anfractum,
736 428 790 488 sed
827 440 889 488 erat
924 431 1047 506 cepiesa
1082 433 1276 507 omniumque

271 539 368 592 rerum
389 533 553 594 abundens.
596 537 665 594 Hec
684 542 708 594 si
727 536 971 611 proficisceretur,
986 537 1177 612 intellegebat
1196 538 1277 613 prius

271 639 453 699 adverseries
476 647 635 700 rescitirres
659 640 698 700 de
724 648 778 700 sue
802 641 933 701 adventii
957 661 1046 718 quam
1070 643 1135 719 ipse
1158 645 1275 702 tertiam

272 757 387 821 partem
412 747 593 806 ceniecisset
616 747 728 806 itineris
739 769 748 821 3
776 755 820 806 sin
848 767 902 824 per
930 749 996 807 loca
1022 749 1085 808 sela
1113 749 1275 810 contende-

236 873 247 918 5
271 861 326 924 ret,
347 853 485 928 sperebat
505 857 537 911 se
558 852 778 928 impredentem
800 853 917 913 hostem
939 859 1157 930 oppresserum.

312 956 360 1015 Ad
387 957 464 1016 hanc
492 977 555 1016 reru
582 959 802 1017 cenficiendam
835 960 990 1035 imperevit
1017 978 1107 1035 quarn
1135 961 1275 1036 plririmes

272 1068 352 1121 irtres
375 1073 464 1138 atque
490 1065 579 1122 etiam
604 1064 715 1123 cullees
736 1072 903 1142 compareri
913 1086 921 1138 3
941 1074 1009 1140 post
1024 1065 1098 1122 haee
1112 1065 1273 1139 pebulum3

273 1175 426 1244 praeteree
448 1169 559 1229 ciberia
583 1180 670 1228 cocta
694 1169 809 1228 dierum
834 1169 952 1242 decern,
976 1179 1009 1230 ut
1036 1189 1126 1246 quam
1154 1171 1275 1230 minime

274 1275 359 1332 fieret
379 1275 454 1350 ignis
492 1276 522 1333 in
556 1282 664 1334 castris
723 1277 784 1334 Iter
818 1281 878 1350 que
911 1275 1020 1335 habeat
1053 1281 1158 1336 omnes
1189 1259 1272 1337 celat.

225 1409 251 1439 ιο
273 1382 320 1440 Sic
341 1386 468 1456 paretus,
489 1388 549 1456 que
568 1381 761 1440 constituerat
782 1382 986 1457 proficiscitur.

315 1487 367 1544 IX.
396 1487 560 1545 Dimidium
585 1488 646 1546 fere
670 1487 798 1562 spatium
823 1488 1007 1560 cenfecerat,
1033 1507 1101 1545 curn
1126 1507 1164 1546 ex
1189 1489 1274 1546 firme

273 1598 435 1651 castrerum
463 1594 526 1652 eius
553 1594 682 1668 suspicit}
711 1593 809 1651 adlisa
834 1603 878 1651 est
903 1591 941 1651 ad
967 1595 1134 1652 Eumenem
1158 1594 1273 1653 hostem

273 1705 520 1774 appropinquere.
562 1700 751 1758 Conveniunt
778 1699 870 1758 duces
881 1720 889 1772 3
918 1701 1075 1775 quaeritur,
1100 1701 1173 1777 quid
1201 1720 1274 1778 opus

273 1805 310 1862 sit
352 1805 439 1863 [acte.
495 1805 711 1880 Intellegebant
751 1810 855 1864 omnes
896 1815 957 1864 tam
998 1807 1134 1865 celeriter
1174 1809 1273 1884 cepitis

224 1934 248 1981 ις
273 1911 403 1986 ipserum
434 1910 569 1968 contrahi
599 1916 660 1969 nen
690 1928 787 1986 posse,
815 1929 905 1986 quam
932 1912 1097 1986 Antigonus
1124 1911 1273 1972 adfuttirus

272 2016 435 2075 videbatur.
478 2017 539 2073 Hic
560 2017 696 2075 omnibus
719 2017 911 2076 titubantibus
933 2027 963 2075 et
984 2016 1022 2075 de
1045 2017 1132 2076 rebus
1154 2025 1273 2076 summis

273 2120 496 2197 desperantibus
518 2122 668 2180 Eumenes
693 2122 742 2194 ait,
764 2130 788 2181 si
812 2122 993 2181 celeritatem
1018 2125 1108 2181 velint
1133 2125 1273 2185 adhibere

273 2237 303 2285 et
327 2228 472 2304 imperfata
498 2228 605 2299 facere,
630 2227 712 2302 quod
737 2238 805 2285 ante
830 2234 891 2286 nen
915 2229 1053 2299 fecerint,
1079 2234 1110 2287 se
1134 2247 1198 2287 rem
1226 2249 1272 2288 ex-

273 2332 451 2409 peditrirum.
510 2334 589 2391 Nam
617 2332 700 2408 quod
728 2331 833 2393 diebus
860 2340 990 2409 quinque
1019 2334 1112 2392 hostis
1139 2342 1272 2394 trensisse

221 2466 251 2497 20
273 2449 383 2514 posset,
398 2442 430 2497 se
451 2439 622 2497 effectrirum
644 2449 676 2497 ut
696 2444 758 2497 nen
780 2440 876 2497 minus
897 2439 1022 2498 totidem
1044 2439 1158 2498 dierum
1180 2442 1272 2516 spatie

272 2544 467 2603 retardaretur
477 2564 486 2617 3
511 2549 621 2619 quere
642 2545 839 2617 circumirent,
855 2551 920 2603 sues
940 2546 1064 2621 quisque
1086 2546 1272 2605 contraheret

272 2651 382 2726 cepies
435 2648 484 2707 Ad
512 2651 652 2724 Antigoni
679 2660 779 2708 autem
807 2651 1014 2709 refrEnandum
1042 2651 1188 2727 impetum
1216 2652 1270 2710 tele

272 2756 353 2831 capit
394 2756 557 2814 censilium.
620 2757 726 2815 Certes
768 2756 858 2814 mittit
898 2756 1033 2816 homines
1074 2755 1114 2814 ad
1157 2758 1271 2815 infimes

273 2865 398 2933 mentes,
437 2867 488 2936 qui
528 2861 607 2920 obvii
648 2870 731 2919 erant
768 2861 865 2920 itineri
902 2860 1143 2934 adverserierum‚
1173 2868 1271 2938 eisque

221 2992 247 3039 25
271 2967 415 3043 praecipit
445 2977 478 3024 ut
509 2971 604 3042 prime
634 2975 723 3025 nocte
755 2984 844 3041 quam
876 2967 1014 3025 letissime
1045 2967 1159 3043 possint
1193 2973 1271 3045 ignes

271 3072 381 3131 faciant
408 3090 498 3147 quam
526 3072 669 3131 meximes
698 3082 787 3147 atque
815 3072 870 3131 hes
898 3072 1028 3131 secunde
1054 3074 1152 3149 vigilie
1180 3075 1270 3131 minu·

271 3189 331 3251 ant,
360 3179 445 3237 tertie
471 3178 647 3255 perexigues
678 3164 816 3250 reddant,
844 3188 877 3235 ut
907 3177 1081 3237 adsimulete
1111 3185 1271 3249 castrbrum

271 3284 485 3345 censuetr‘rdine
513 3284 712 3360 suspicienem
739 3284 862 3343 iniciant
889 3284 1022 3343 hostibus
1042 3289 1085 3342 eis
1112 3285 1185 3344 locis
1209 3303 1271 3343 esse

272 3400 367 3449 castra
390 3409 426 3449 ac
450 3392 489 3449 de
513 3397 616 3449 cerum
644 3390 775 3449 adventii
803 3409 867 3449 esse
895 3390 1131 3466 praeuentietum
1142 3411 1151 3463 3
1179 3387 1270 3449 idem-

220 3522 249 3568 3⁰
271 3515 329 3572 que
353 3503 472 3572 postere
495 3507 583 3555 nocte
608 3496 727 3555 faciant.
770 3496 885 3570 Quibus
909 3496 1085 3576 imperitum
1113 3506 1185 3569 erat,
1211 3496 1269 3555 dili-

270 3613 374 3677 genter
408 3612 601 3679 praeceptum
634 3607 747 3661 erirant.
803 3602 968 3677 Antigonus
1002 3602 1130 3661 tenebris
1164 3603 1270 3662 obortis

270 3713 354 3783 ignes
381 3708 588 3785 censpicetur3
620 3708 716 3767 credit
744 3708 784 3766 de
811 3714 865 3765 sui>
893 3706 1023 3767 adventii
1051 3726 1115 3767 esse
1141 3709 1270 3768 auditum
