2817 4250
119 335 175 398 ut]
568 333 755 383 muouuon
1125 339 1179 384 101

119 507 305 578 conciliavit,
332 518 365 565 ut
392 508 440 565 hic
469 507 606 565 conditor
634 506 751 566 urbium
781 512 891 578 eitum,
920 511 980 564 non
1013 506 1054 564 illi
1084 512 1135 580 qui

119 613 213 671 initio
235 613 427 685 dedixerant
449 612 606 671 videretur.
648 614 757 670 Arcem
778 613 936 687 Syracusis,
958 631 1048 688 quam
1070 617 1132 670 mu-

118 720 222 777 nierat
253 720 410 794 Dionysius
441 717 480 777 ad
510 719 614 778 urbem
646 718 854 790 obsidendam,
883 725 901 776 a
935 719 1133 778 fundamentis

119 824 254 897 disiecit,
294 831 392 884 cetera
428 825 590 902 tyrannidis
629 825 850 901 propugnacula
890 823 1048 884 demolitus
1089 836 1133 884 est

120 930 271 1007 deditque
299 950 431 1007 operam,
455 943 488 990 ut
515 949 604 1006 quam
633 931 756 989 minime
784 932 876 988 multa
898 932 1021 1007 vestigia
1045 933 1132 990 servi-
1158 954 1168 998 5

121 1038 197 1096 tutis
222 1042 385 1096 manerent.
427 1038 503 1096 Cum
525 1044 613 1096 tantis
635 1047 713 1095 esset
735 1038 849 1113 opibus,
871 1047 904 1096 ut
926 1039 1014 1096 etiam
1036 1039 1132 1096 invitis

120 1145 273 1218 imperare
298 1153 408 1219 posset,
430 1153 543 1201 tantum
568 1153 668 1201 autem
692 1149 827 1202 amorem
852 1144 974 1203 habetet
998 1144 1131 1202 omnium

120 1250 302 1321 Siculorum,
330 1259 362 1306 ut
400 1249 479 1307 millo
514 1254 668 1307 recusante
705 1255 828 1326 rignum
860 1251 992 1309 obtinere
1019 1250 1130 1322 licEret,

122 1356 230 1413 maluit
250 1360 282 1414 se
304 1354 385 1430 diligi
405 1373 495 1430 quam
517 1362 617 1413 metui.
661 1356 776 1431 Itaque,
792 1375 861 1414 cum
878 1363 1004 1432 primum
1024 1357 1130 1432 potuit,

121 1461 284 1536 imperium
312 1461 450 1535 deposuit
478 1480 513 1518 ac
541 1468 668 1537 privatus
696 1464 854 1538 Syracusis,
881 1462 962 1538 quod
986 1463 1130 1537 reliquum
1155 1487 1182 1518 ιο

120 1574 202 1625 vitae
237 1567 300 1639 fuit,
328 1567 409 1625 vixit.
465 1568 572 1643 Neque
600 1574 671 1628 vero
699 1569 730 1627 id
761 1571 897 1645 imperite
931 1569 1025 1641 fecit3
1060 1587 1130 1644 nam

120 1672 207 1748 quod
242 1678 335 1731 ceteri
369 1678 453 1749 reges
487 1674 613 1750 imperio
648 1680 816 1750 potuErunt,
841 1675 889 1732 hic
923 1675 1131 1734 benevolentia

120 1780 227 1838 tenuit.
271 1779 376 1837 Nullus
404 1779 499 1838 honos
526 1781 595 1838 huic
623 1780 727 1852 defuit,
748 1799 846 1856 neque
873 1787 979 1857 postea
1002 1786 1048 1839 res
1071 1783 1131 1839 filla

120 1887 273 1961 Syracusis
300 1895 383 1960 gesta
411 1896 456 1944 est
483 1887 612 1960 publice,
641 1886 680 1945 de
708 1893 766 1962 qua
797 1888 876 1963 prius
908 1887 944 1945 sit
975 1887 1128 1945 decretum

119 2011 214 2067 quam
249 1992 445 2050 Timoleontis
480 1979 626 2050 sententia
655 1993 783 2068 cognita.
841 1992 956 2051 Nfillius
987 2011 1129 2067 umquam
1154 2013 1178 2059 15
1214 1994 1218 2000 '

119 2098 280 2157 consilium
305 2103 367 2156 non
391 2097 483 2158 modo
507 2098 676 2170 antelatum,
699 2098 752 2157 sed
777 2103 815 2157 ne
840 2085 1044 2174 comparatum
1065 2101 1127 2176 qui-

118 2206 194 2263 dem
223 2215 278 2263 est.
321 2206 428 2280 Neque
456 2204 487 2264 id
513 2206 605 2281 magis
630 2206 691 2263 eius
719 2205 925 2265 benevolentia
948 2206 1058 2264 sactum
1084 2217 1129 2265 est

118 2330 212 2385 quam
234 2310 401 2385 prudentia.

133 2430 136 2436 ’
162 2418 216 2474 IV.
246 2418 308 2474 Hic
340 2435 408 2474 cum
439 2422 536 2475 aetate
569 2417 626 2474 iam
661 2422 818 2492 provectus
854 2426 941 2489 esset,
971 2417 1033 2475 sine
1069 2418 1128 2475 ullo

120 2524 229 2580 morbo
256 2522 367 2581 lumina
395 2522 548 2580 oculorum
577 2523 682 2580 amisit.
736 2523 833 2596 Quam
863 2523 1061 2580 calamitatem
1088 2525 1129 2579 ita
1151 2547 1179 2577 ιο

119 2628 279 2687 moderate
307 2628 380 2698 tulit,
409 2638 441 2686 ut
469 2645 566 2702 neque
593 2647 661 2685 eum
689 2638 863 2703 querentem
891 2630 1046 2703 quisquam
1077 2648 1126 2685 au·

119 2734 208 2792 dierit
237 2752 335 2809 neque
363 2739 399 2791 eo
428 2734 524 2791 minus
555 2740 671 2808 privatis
706 2734 888 2809 publicisque
921 2735 1008 2792 risbus
1038 2736 1126 2791 inter-

118 2839 217 2898 fuerit.
259 2839 406 2898 Veniebat
434 2849 533 2897 autem
561 2840 592 2895 in
619 2838 774 2910 theatrum,
804 2858 872 2897 cum
901 2839 942 2898 ibi
969 2840 1126 2897 concilium

119 2946 224 3021 populi
260 2945 425 3015 hebetetur,
461 2955 581 3020 propter
615 2944 815 3003 valetridinem
853 2949 955 3002 vectus
990 2946 1127 3004 idmentis

118 3052 236 3123 irinctiS,
266 3060 354 3125 atque
383 3051 426 3108 ita
457 3050 496 3108 de'
526 3049 662 3108 vehiculo
689 3068 766 3125 quae
795 3050 971 3109 vidEbantur
998 3050 1126 3109 dicebat.
1150 3075 1175 3122 25

92 3161 97 3167 ”
118 3158 228 3231 Neque
251 3157 309 3215 hoc
331 3156 371 3213 illi
394 3155 549 3230 quisquam
574 3156 722 3214 tribuebat
747 3156 901 3231 superbiae
913 3176 921 3229 3
950 3156 1022 3214 nihil
1048 3157 1126 3214 enim

116 3281 261 3336 umquam
297 3279 395 3335 neque
428 3262 557 3318 insolens
591 3279 690 3335 neque
722 3262 881 3335 gloriosum
913 3280 950 3319 ex
982 3267 1033 3319 ore
1065 3262 1126 3319 eius

118 3368 199 3426 exiit.
244 3367 304 3441 Qui
332 3366 463 3441 quidem,
488 3386 556 3423 cum
585 3372 651 3425 suas
679 3367 781 3426 laudes
809 3368 924 3426 audiret
951 3367 1125 3443 praedicari,
1193 3363 1198 3372 '

117 3491 283 3548 numquam
304 3472 384 3530 aliud
405 3472 479 3530 dixit
499 3490 588 3547 quam
610 3477 642 3530 se
663 3472 694 3529 in
716 3479 751 3530 ea
772 3477 803 3531 re
824 3474 951 3531 maxime
972 3473 1017 3530 dis
1038 3492 1125 3549 agere

117 3580 227 3655 gratias
255 3589 344 3653 atque
372 3578 491 3650 habire,
519 3578 611 3652 quod,
640 3597 710 3636 cum
738 3578 866 3638 Siciliam
894 3586 1025 3637 recreare
1054 3585 1124 3638 con·
1147 3607 1176 3652 30

117 3685 291 3756 stituissent‚
320 3695 382 3743 tum
421 3689 454 3743 se
491 3685 678 3760 potissimum
714 3685 822 3744 ducem
858 3704 922 3743 esse
958 3686 1124 3742 voluissent.

118 3791 203 3849 Nihil
227 3791 307 3848 enim
331 3797 428 3850 rerum
452 3792 644 3850 humanarum
672 3793 735 3850 sine
763 3792 887 3850 deorum
915 3790 1035 3847 numine
1063 3794 1125 3864 geri
