2817 4250
119 323 168 370 rx„
181 312 223 376 ru]
571 313 759 362 HANNIBAL
1121 323 1179 384 113

122 485 281 544 absentem
308 486 487 545 adfucemnt
514 493 621 562 poena.
678 486 724 543 Illi
751 486 914 561 desparatis
946 486 1032 547 rubus
1062 507 1131 546 cum

122 591 281 649 solvissent
311 596 400 650 navus
429 611 465 648 ac
495 592 560 650 vala
590 599 684 650 ventis
716 590 877 665 dedissent,
907 594 1058 652 Hannibal
1092 593 1130 651 ad

122 697 307 754 Antiochum
335 697 478 771 pervunit.
534 699 581 755 Da
611 697 748 772 Magunis
776 698 896 756 interitu
928 699 1037 774 duplex
1069 719 1130 757 me-

124 803 220 860 moria
249 803 367 878 prudita
395 813 457 860 est:
487 796 616 877 namque
644 803 693 860 alii
718 804 877 878 naufragia,
899 805 947 862 alii
971 812 988 863 a
1012 806 1131 864 servulis

123 909 215 982 ipsius
244 909 430 966 intersectum
459 927 527 966 eum
556 915 698 983 scriptum
726 910 912 984 reliquerunt.
969 913 1132 970 Antiochus
1155 937 1166 984 ς

123 1024 227 1072 autem
262 1021 286 1071 si
320 1024 381 1071 tam
416 1015 459 1075 in,
484 1014 616 1090 gerendu
654 1015 733 1073 bella
770 1016 993 1102 efflans
1028 1023 1131 1091 parare
1188 970 1315 1055 ἰη
1390 1085 1391 1088 ¹

123 1140 141 1177 v
164 1120 219 1178 luis
266 1138 386 1195 ,quam
411 1121 442 1177 in
469 1118 659 1195 suscipienda
685 1121 859 1192 instituerat,
884 1123 1005 1197 propius
1031 1123 1133 1181 Tiberi
1158 1119 1220 1200 30
1242 1080 1312 1192 (st
1385 1111 1391 1138 l

123 1243 216 1300 quam
238 1206 444 1301 Thermopylis
469 1226 509 1284 du
534 1231 649 1283 summa
672 1225 789 1301 imperii
813 1226 993 1328 ‘iffi
1017 1181 1130 1317 lQuem
1164 1230 1226 1310 ῃ
1247 1187 1391 1298 ΗΜ..

124 1338 182 1389 etsi
207 1330 299 1388 multa
326 1331 412 1389 stult'e‘
441 1336 541 1389 cunari
568 1330 698 1404 vidabat,
721 1342 821 1390 tamen
846 1332 925 1390 nulla
948 1333 1077 1392 dusemit
1101 1336 1132 1392 in
1175 1341 1179 1350 '

124 1442 166 1495 ra.
225 1437 352 1495 Praefuit
384 1444 486 1512 paucis
516 1437 648 1509 navibus,
676 1444 749 1512 quas
777 1456 814 1495 ex
842 1439 923 1514 suria
949 1438 1042 1497 iussus
1070 1451 1132 1499 erat
1157 1463 1182 1493 ιο

124 1544 156 1600 in
180 1543 281 1600 Asiam
304 1543 423 1614 ducere,
439 1549 547 1632 eisque
571 1542 711 1601 adversus
740 1543 927 1602 Rhodiumm
952 1545 1076 1602 classem
1102 1546 1132 1602 in
1149 1552 1180 1605 ‘t
1206 1519 1303 1610 ‘ilc
1390 1573 1391 1582 κ

124 1648 303 1723 Pamphylia
332 1655 403 1706 mari
430 1648 571 1706 cunflixit.
615 1650 651 1706 In
678 1655 739 1723 quo
768 1668 836 1707 cum
865 1650 1059 1708 multitudine·
1080 1650 1131 1708 ad-

123 1754 321 1812 versariumm
346 1760 391 1812 si
415 1760 631 1830 superarentur,
656 1755 720 1828 ipse
745 1761 806 1829 quu
833 1761 926 1813 comu
955 1774 1018 1813 rem
1044 1757 1133 1831 gessit

123 1861 182 1918 fuit
202 1774 416 1941 superior&

168 1968 221 2024 IX.
249 1967 397 2024 Antiocho
426 1967 526 2040 iugata
554 1971 660 2023 verans
690 1972 728 2024 ne
759 1966 929 2039 dederatur,
957 1969 1040 2042 quod
1070 1969 1132 2027 sine
1157 1995 1181 2041 ¹5

124 2072 219 2131 dubiu
247 2071 413 2144 accidisset,
442 2079 466 2130 si
495 2078 539 2130 sui
568 2071 692 2131 facisset
724 2067 911 2147 pttestatem,
939 2073 1059 2133 Cratam
1094 2075 1133 2133 ad

124 2178 289 2252 Gortynius
323 2178 411 2249 vanit,
440 2188 473 2235 ut
503 2178 544 2235 ibi
579 2183 640 2252 quo
674 2183 706 2235 su
741 2178 889 2237 conferret
924 2180 1132 2256 consideraret.

124 2284 210 2341 Vidit
234 2294 333 2341 autem
357 2284 401 2341 vir
428 2283 561 2341 omnium
588 2282 794 2341 callidissimus
818 2284 849 2341 in
877 2290 984 2360 magno
1011 2290 1043 2343 su
1072 2287 1133 2344 iore

124 2389 269 2465 pericula,
303 2389 359 2446 nisi
394 2388 466 2463 quid
500 2388 685 2464 pruvidisset,
720 2398 842 2463 propter
875 2391 1027 2447 avaritiam
1061 2392 1132 2450 Cru-

124 2494 255 2553 te’msium
266 2514 275 2567 ;
311 2500 448 2568 magnam
482 2494 562 2551 enim
598 2498 700 2553 sucum
732 2494 888 2568 pecuniam
920 2496 1066 2569 portabat,
1095 2498 1134 2555 du
1156 2526 1185 2558 20

79 2632 82 2640 ·
124 2605 188 2674 qua
214 2598 327 2671 sciubat
353 2605 445 2656 exisse
471 2600 596 2657 famam.
639 2600 744 2674 Itaque
773 2600 854 2674 capit
882 2601 939 2658 tale
968 2602 1134 2660 cunsilium.

124 2704 295 2779 Amphoras
330 2680 498 2779 complures
534 2704 667 2779 complet
701 2704 834 2779 plumba,
871 2712 1000 2764 summas
1039 2708 1134 2781 operit

123 2815 199 2868 auru
229 2820 260 2868 et
286 2787 455 2973 argenta!
478 2811 543 2867 Has
570 2810 774 2885 praesentibus
802 2812 982 2886 principibus
1011 2812 1134 2887 depunit

103 2990 105 2994 .
125 2917 157 2973 in
184 2916 297 2991 templu
324 2916 421 2973 Diana
440 2961 447 2987 ,
463 2915 603 2974 simulans
627 2920 659 2974 sa
683 2922 750 2973 suas
771 2918 906 2975 fortunas
928 2917 1043 2975 illumm
1064 2918 1135 2977 fidei

123 3020 262 3079 crudete.
319 3022 375 3078 His
406 3021 437 3078 in
465 3026 595 3079 errurem
623 3020 752 3080 induetis
780 3027 889 3079 statuas
917 3027 1033 3094 aumas,
1061 3030 1134 3098 quas
1156 3055 1183 3101 ²5

123 3132 230 3185 sucum
265 3126 412 3200 portabat,
441 3132 525 3184 omni
554 3132 607 3185 sua
636 3126 766 3202 pecunia
795 3128 926 3201 complet
962 3134 1069 3203 easque
1106 3130 1135 3187 in

123 3231 286 3307 prapatulu
314 3230 398 3289 domi
427 3232 529 3312 abicit.
584 3233 721 3307 Gortynii
752 3233 895 3307 templum
930 3240 1037 3309 magna
1066 3240 1136 3292 cura

123 3336 309 3408 custudiunt,
329 3342 391 3395 nun
411 3346 472 3395 tam
494 3343 512 3397 a
532 3342 637 3395 euteris
659 3356 749 3412 quam
771 3339 809 3396 ab
831 3338 1009 3410 Hannibale,
1028 3344 1066 3397 nu
1087 3340 1135 3397 ille

123 3441 320 3502 inscientibus
333 3448 376 3500 eis
397 3443 514 3500 tolleret
535 3461 587 3500 sua
608 3447 770 3529 sucumque
791 3443 923 3502 duceret.

167 3549 206 3605 X.
234 3548 282 3607 Sic
311 3552 488 3606 cunservatis
516 3555 573 3606 suis
601 3550 688 3608 rubus
719 3549 856 3607 omnibus
888 3552 1003 3607 Poenus
1023 3532 1135 3607 inlusis
1157 3583 1185 3629 30

124 3654 323 3715 Cretunsibus
361 3652 401 3711 ad
439 3655 570 3713 Prusiam
610 3655 641 3713 in
679 3657 807 3713 Pontum
848 3656 990 3729 pervenit.
1046 3654 1134 3728 Apud

125 3778 220 3841 quem
249 3758 359 3821 eudem
383 3759 483 3819 animu
508 3759 563 3818 tuit
587 3765 656 3836 erga
680 3747 795 3821 ltaliam
823 3777 920 3837 neque
942 3760 1028 3823 ¹alind
1053 3760 1133 3836 quic·
1160 3762 1177 3791 '
