2817 4250
250 302 308 350 102
537 297 707 347 CORNELII
730 297 878 347 NEPOTIS
901 296 1009 346 VITAE
1259 297 1295 362 [ν.

295 470 419 545 putabat
430 491 438 541 ;
473 470 573 545 itaque
601 487 671 528 suae
699 469 783 527 domi
810 469 949 528 sacellum
977 471 1162 528 Automatias
1190 471 1295 528 censti·

295 585 391 634 tuerat
412 574 503 650 idque
524 576 707 634 sanctissime
729 575 855 634 colebat.

334 683 371 740 V.
398 680 447 740 Ad
477 681 554 740 hanc
582 681 710 740 hominis
739 681 933 740 excellentem
962 681 1125 741 bonitatem
1153 683 1297 741 mirabiles
1378 671 1379 728 l

295 797 481 846 accesserant
509 792 593 846 casas
604 808 613 860 ;
648 805 718 845 nam
747 787 859 862 proelia
889 787 1018 845 maxima
1046 787 1135 845 natali
1166 793 1219 846 sua
1250 787 1297 845 die

259 914 271 962 5
294 894 370 952 fecit
391 893 501 966 omnia,
516 898 577 968 que
599 893 710 952 factum
732 903 777 951 est
796 902 829 950 ut
850 893 912 952 eius
933 893 1014 951 diem
1035 893 1163 951 natalem
1186 894 1295 952 festum

295 999 417 1058 haberet
440 999 576 1058 aniversa
600 999 704 1058 Sicilia.
750 999 831 1056 Huic
855 997 976 1074 quidam
1002 999 1187 1074 Laphystius‚
1209 999 1297 1058 home

295 1105 430 1180 petulans
458 1115 488 1163 et
516 1105 653 1180 ingratus,
682 1104 885 1163 vadimanium
917 1123 985 1162 cum
1016 1105 1103 1162 vellet
1134 1105 1297 1180 imminere,

294 1211 377 1286 quod
404 1230 473 1270 cum
501 1212 552 1270 illo
576 1217 607 1270 se
633 1212 697 1287 lege
723 1229 809 1286 agere
834 1211 957 1283 diceret,
982 1220 1012 1269 et
1037 1212 1204 1286 compleres
1228 1229 1295 1270 con-

295 1317 461 1390 currissent,
490 1324 541 1393 qui
575 1318 788 1393 procacitatem
825 1317 952 1376 hominis
988 1317 1122 1376 manibus
1160 1323 1297 1376 coercere

246 1449 273 1480 ιο
294 1429 480 1496 εόηῖιτεηωτ,
514 1425 671 1482 Timoleen
710 1423 803 1481 aravit
841 1423 974 1482 homines
1013 1427 1050 1481 ne
1089 1422 1119 1480 id
1158 1424 1295 1482 facerent.

295 1530 435 1604 Namque
461 1528 494 1588 id
521 1540 554 1588 ut
583 1529 743 1605 Laphystia
772 1539 802 1587 et
831 1535 921 1587 cuivis
952 1530 1063 1602 liceret,
1092 1533 1123 1588 se
1156 1530 1297 1588 maximas

294 1635 410 1694 labores
438 1655 611 1711 summaque
635 1635 743 1694 adiisse
768 1636 906 1710 pericula.
949 1637 1038 1692 Hanc
1063 1635 1143 1692 enim
1167 1635 1295 1710 speciem

294 1741 435 1800 libertatis
463 1760 537 1813 esse,
566 1748 590 1799 si
618 1742 765 1813 omnibus,
795 1740 876 1815 quod
905 1741 1029 1816 quisque
1061 1741 1158 1812 vellet,
1187 1741 1296 1816 legibus

295 1853 420 1922 experiri
450 1848 561 1906 liceret.
614 1834 712 1918 idem,
742 1865 809 1904 cum
845 1846 966 1922 quidam
1002 1847 1153 1923 Laphystii
1187 1847 1296 1918 similis,

246 1976 271 2022 ις
294 1954 414 2012 nemine
443 1955 653 2025 Demaenetus,
676 1954 707 2012 in
735 1954 873 2012 cantiene
899 1955 1002 2029 populi
1029 1953 1068 2012 de
1096 1954 1182 2012 rebus
1210 1959 1296 2028 gestis

295 2060 357 2118 eius
385 2058 540 2118 detrahere
567 2060 716 2136 coepisset
743 2079 778 2117 ac
806 2061 946 2119 nennalla
974 2060 1161 2118 inveheretur
1187 2060 1219 2117 in
1248 2061 1294 2116 T-

294 2167 454 2238 moleonta,
482 2166 556 2225 dixit
591 2185 669 2224 nunc
701 2166 823 2224 demum
854 2172 886 2225 se
916 2172 978 2225 veti
1009 2186 1074 2225 esse
1105 2167 1276 2225 damnatum
1287 2187 1294 2238 ;

294 2290 423 2346 namque
461 2272 519 2331 hec
554 2278 572 2330 a
606 2273 652 2331 dis
681 2273 895 2331 immortalibus
925 2291 1043 2347 semper
1075 2280 1238 2348 precatum,
1266 2281 1296 2329 ut

295 2379 383 2436 talem
417 2378 582 2437 libertatem
618 2379 784 2437 restitueret
819 2380 1012 2454 Syracusanis,
1048 2380 1077 2437 in
1112 2385 1171 2454 qua
1208 2383 1295 2436 cuivis

244 2510 273 2541 20
295 2484 397 2542 liceret
419 2483 459 2542 de
480 2490 540 2558 que
561 2484 649 2543 vellet
670 2484 753 2559 quod
774 2485 862 2542 vellet
883 2485 1004 2559 impane
1025 2484 1135 2543 dicere.

337 2592 397 2647 Hic
418 2608 487 2647 cum
508 2590 588 2647 diem
610 2595 781 2665 supremum
802 2590 922 2661 obisset,
938 2590 1056 2665 publice
1076 2596 1094 2648 a
1112 2591 1295 2665 Syracusanis

295 2696 326 2754 in
353 2696 514 2773 gymnasie,
543 2695 624 2770 quod
651 2695 892 2754 Timoleonteum
923 2695 1095 2770 appellatur,
1124 2701 1187 2755 teta
1220 2695 1294 2753 cele·

295 2802 399 2862 brante
420 2801 519 2860 Sicilia
539 2801 670 2876 sepultus
691 2810 745 2859 est.
