2817 4250
209 299 228 360 8
500 309 670 360 corenam
692 311 841 361 usedrrs
863 311 971 362 vrrau
1190 312 1265 376 [vm

258 493 408 555 statuerat,
448 501 516 541 curn
555 483 682 542 totidem
721 483 842 544 neribus
880 495 971 559 atque
1013 495 1075 544 erat
1112 487 1264 561 profectus

257 590 389 647 Athenes
418 595 524 664 migne
551 607 620 647 cum
648 590 815 648 offensiene
847 591 954 648 civium
989 596 1108 650 suerum
1143 592 1262 652 rediret.

297 697 459 752 Accesetus
487 700 558 769 erge
583 705 627 753 est
651 694 838 770 preditienIs‚
864 695 955 771 quod,
981 715 1049 754 cum
1078 699 1184 756 Parum
1212 717 1262 756 ex-

256 805 387 875 pirgnere
415 811 525 875 posset,
553 806 571 858 e
599 805 667 875 rege
696 811 851 876 corruptus
879 802 994 860 infectis
1029 803 1116 861 rebus
1150 803 1260 862 disces-

221 908 348 975 ssisset.
406 907 452 964 Ee
493 916 628 981 tempore
671 925 760 981 aeger
805 918 866 965 erat
907 907 1084 981 vulneribus,
1119 927 1196 983 quae
1231 910 1261 966 in

256 1012 459 1087 oppugnandi)
479 1012 593 1086 oppide
615 1017 780 1087 acceperat.
826 1015 931 1088 Itaque
956 1032 1024 1071 cum
1054 1017 1118 1088 ipse
1146 1020 1201 1089 pre
1230 1020 1261 1072 se

256 1117 356 1176 dicere
378 1123 438 1175 nen
460 1128 569 1193 posset,
591 1119 681 1175 verba
702 1119 778 1176 fecit
799 1118 888 1176 freter
908 1119 970 1176 eius
992 1120 1170 1194 Stesagoris.

296 1224 393 1282 Cause
420 1224 539 1298 cbgnite
567 1223 671 1298 capitis
704 1224 852 1282 absoliitus
883 1207 1010 1298 pectinie
1038 1227 1176 1284 multatus
1205 1235 1260 1297 est,

256 1346 349 1403 eaque
378 1329 410 1387 lis
436 1329 647 1404 quinquegime
675 1329 793 1388 talentis
821 1330 975 1388 aestimeta
998 1325 1055 1403 est,
1075 1341 1201 1406 quantus
1230 1331 1261 1389 in

207 1463 233 1493 ιο
255 1434 380 1493 classem
418 1439 552 1510 semptus
592 1435 686 1493 factus
725 1445 797 1494 erat.
854 1437 943 1493 Hanc
981 1437 1140 1511 pectiniam
1177 1436 1260 1512 quod

255 1542 367 1598 solvere
406 1541 436 1598 in
474 1542 641 1616 praesentiri
663 1546 740 1618 nen
776 1551 903 1616 poterat,
940 1542 971 1599 in
1029 1543 1105 1600 ‘cla
1140 1543 1261 1618 piiblica

255 1648 406 1706 coniectus
428 1657 472 1705 est
493 1646 592 1721 ibique
614 1646 695 1704 diem
717 1647 791 1706 obiit
811 1561 1064 1742 supremum&

294 1754 381 1811 VIII.
412 1753 471 1809 Hic
499 1758 554 1810 etsi
579 1753 701 1810 crimine
723 1752 809 1810 Parie
832 1763 877 1811 est
899 1757 1061 1825 accersitus,
1080 1765 1180 1812 tamen
1202 1754 1261 1812 alia

254 1876 344 1917 causa
377 1858 431 1916 fuit
465 1856 671 1917 damnetienis.
733 1859 871 1932 Namque
908 1858 1102 1918 Athenienses
1137 1869 1261 1935 propter

206 1987 230 2034 ις
256 1963 396 2022 Pisistrati
434 1962 629 2038 tyrannidem,
669 1981 746 2038 quae
788 1969 889 2038 paucis
926 1971 1009 2022 annis
1046 1975 1116 2023 ante
1154 1966 1258 2038 fuerat,

254 2070 375 2127 nimiam
399 2069 506 2129 civium
530 2074 649 2127 suerum
672 2069 837 2144 potentiam
861 2058 1258 2144 extimescebant.l,Mi1tia-

254 2175 317 2247 des,
347 2175 471 2234 multum
498 2175 529 2232 in
561 2175 690 2251 imperiis
727 2176 1003 2251 magistratibusque
1030 2182 1168 2257 venetus,
1197 2182 1259 2235 nen

253 2281 407 2340 videbetur
434 2298 522 2356 posse
558 2299 622 2339 esse
657 2287 795 2355 privitus,
823 2264 1006 2356 praesertim
1029 2300 1098 2339 cum
1132 2287 1258 2341 censue·

254 2387 357 2445 tridine
386 2386 424 2444 ad
453 2386 569 2462 imperii
591 2385 786 2461 cupiditatem
811 2387 886 2445 trahi
909 2386 1067 2445 videretur.
1119 2388 1198 2445 Nam
1227 2388 1259 2446 in

203 2521 231 2553 ιο
254 2494 442 2553 Chersonesi)
467 2494 760 2581 omnesQ‚ques
789 2493 933 2561 habitirat
960 2498 1071 2574 annes·
1081 2504 1259 2569 perpetuam

254 2600 421 2658 obtinuerat
451 2599 686 2658 domInEtienem
722 2609 920 2674 tyrannusque
955 2599 1049 2657 suerat
1082 2600 1258 2675 appelletus,

253 2706 308 2764 sed
341 2706 441 2763 iristus.
485 2706 553 2763 Nen
583 2715 645 2763 erat
674 2704 754 2791 enim
781 2712 809 2761 vi
835 2709 1021 2794 censendus,
1048 2705 1102 2764 sed
1137 2711 1258 2764 suerum

252 2811 413 2882 voluntete,
438 2828 565 2885 eamque
588 2792 777 2884 potestet'em
792 2782 931 2868 bofflffife
940 2782 1099 2868 retinebat.
1142 2812 1258 2869 Omnes

252 2927 353 2975 autem
374 2926 405 2974 et
425 2916 562 2975 dicuntur
583 2926 613 2973 et
634 2915 781 2976 habentur
802 2921 924 2990 tyranni,
946 2922 996 2989 qui
1020 2921 1168 2990 potestete
1188 2927 1258 2974 sunt

202 3050 229 3097 ²5
252 3027 397 3098 perpetue
424 3022 454 3079 in
483 3027 518 3079 ee
545 3021 662 3079 civitEte
691 3038 768 3095 quae
796 3020 929 3078 libertete
954 3025 1006 3078 risa
1034 3031 1087 3078 est.
1138 3019 1196 3080 Sed
1225 3022 1259 3080 in

254 3128 388 3187 Miltiade
412 3137 474 3185 erat
495 3146 564 3185 cum
588 3144 703 3185 summa
725 3125 889 3185 himenites
910 3135 971 3183 tum
994 3132 1067 3184 mira
1090 3128 1256 3185 commini-

253 3238 305 3305 τᾶς,
328 3244 361 3291 ut
388 3237 478 3291 neme
506 3243 565 3290 tam
595 3232 712 3290 humilis
735 3242 822 3302 esset,
846 3236 893 3287 cui
915 3236 975 3288 nen
999 3231 1037 3289 ad
1061 3249 1130 3289 eum
1158 3230 1258 3291 aditus

252 3343 366 3414 pateret
377 3360 386 3412 3
422 3344 529 3414 megna
556 3338 715 3395 aucterites
743 3334 822 3412 apud
853 3340 957 3393 omnes
986 3336 1126 3407 civitites‚
1154 3336 1257 3395 nebile

252 3450 372 3517 nemen,
397 3444 459 3502 laus
486 3449 529 3501 rei
553 3443 684 3501 militetis
713 3441 849 3499 minima.
893 3442 979 3497 Haec
1007 3442 1134 3516 populus
1162 3442 1256 3516 respi-

203 3583 230 3628 30
252 3550 334 3607 ciens
356 3550 457 3608 meluit
481 3549 562 3607 illum
587 3523 740 3606 innoxium
764 3547 855 3622 plecti
878 3564 967 3618 quam
992 3550 1024 3603 se
1052 3546 1161 3604 diritius
1189 3565 1256 3605 esse

252 3656 282 3713 in
304 3656 418 3714 timere.
424 3681 500 3849 [κγ
