2817 4250
119 297 195 361 v111.]
567 294 734 342 DATAMES
1133 285 1172 364 65

119 470 222 540 sarius,
251 475 322 543 quin
349 468 526 542 ancipitibus
553 467 625 526 locis
654 473 847 542 premeretur,
873 477 912 539 et,
934 474 959 526 si
986 467 1125 526 dimicare

118 577 218 646 vellet,
241 580 303 632 non
327 575 450 632 multum
475 573 580 632 obesse
604 572 762 632 multitudo
785 574 914 632 hostium
935 591 1005 632 suae
1026 575 1126 650 pauci-

119 687 175 740 tati
195 690 306 755 posset.

160 788 250 844 VIII.
279 787 366 844 Haec
395 792 449 844 etsi
476 784 714 861 Autophradates
741 785 871 857 videbat,
899 796 999 844 tamen
1028 784 1127 844 statim

120 893 224 950 maluit
245 891 388 967 congredi
408 909 498 966 quam
519 910 588 948 cum
609 896 697 948 tantis
719 891 813 965 copiis
834 891 966 966 refugere
992 900 1041 949 aut
1066 901 1127 950 tam
1151 914 1162 960 5

118 997 173 1056 diri
211 1002 272 1055 uno
309 996 377 1055 loco
414 994 528 1054 sedere.
585 996 727 1056 Habebat
765 998 955 1056 barbarorum
994 998 1127 1072 equitum

117 1103 231 1178 viginti,
256 1101 392 1178 peditum
419 1111 539 1160 centum
567 1102 655 1174 milia,
678 1108 754 1177 quos
781 1102 822 1161 illi
850 1102 999 1163 Cardacas
1026 1103 1126 1178 appel-

118 1209 192 1279 lant,
219 1206 412 1283 eiusdemque
437 1208 553 1283 generiS
577 1207 632 1266 tria
657 1209 737 1266 milia
761 1208 950 1280 funditorum,
975 1215 1129 1284 praeterea

119 1315 342 1389 Cappadocum
362 1319 432 1372 octd
454 1313 541 1386 milia,
562 1314 770 1372 Armeniorum
791 1313 898 1373 decem
920 1315 1008 1386 milia,
1031 1315 1126 1389 Paph-

118 1421 262 1495 lagonum
286 1426 416 1495 quinque
441 1419 527 1490 milia,
555 1420 701 1496 Phrygum
727 1420 835 1479 decem
863 1420 950 1490 milia,
976 1420 1125 1495 Lydorum
1152 1448 1178 1478 10

120 1533 254 1601 quinque
290 1525 377 1598 milia,
406 1525 624 1601 Aspendiorum
660 1535 690 1584 et
725 1525 889 1584 Pisidarum
923 1526 1040 1584 circiter
1075 1526 1130 1583 tria

120 1632 212 1702 miIia,
255 1631 383 1690 Cllicum
424 1631 485 1689 duo
527 1631 615 1702 milia,
657 1631 872 1706 Captianorum
914 1631 1050 1703 totidem,
1093 1649 1129 1688 ex

120 1737 252 1797 Graecia
272 1736 489 1796 conductorum
510 1738 564 1795 tria
586 1737 674 1809 milia,
692 1737 763 1795 levis
784 1743 948 1796 armaturae
969 1737 1129 1795 maximum

120 1861 291 1902 numerum.

165 1951 233 2007 Has
257 1948 397 2007 adversus
421 1949 523 2024 copias
548 1953 617 2024 spes
637 1949 735 2006 omnis
756 1948 936 2008 consistebat
958 1950 1078 2006 Datami
1099 1949 1130 2006 in
1154 1972 1179 2017 ¹5

121 2061 154 2114 se
185 2055 304 2131 locique
331 2059 452 2127 natura,
487 2072 615 2130 namque
644 2054 729 2112 hriius
757 2065 872 2130 partem
907 2060 968 2112 non
1002 2054 1131 2114 habEbat

120 2162 298 2220 vicesimam
327 2161 460 2219 militum.
516 2160 631 2236 Quibus
662 2160 752 2219 fretus
785 2161 917 2220 conflixit
951 2161 1129 2219 adversario-

121 2285 251 2342 rumque
278 2267 369 2324 multa
393 2267 473 2323 milia
493 2266 634 2339 concidit,
655 2285 725 2324 cum
746 2265 785 2325 de
806 2268 896 2342 ipsius
918 2268 1049 2325 exercitu
1070 2273 1131 2325 nou

121 2374 253 2449 amplius
283 2373 437 2431 hominum
470 2373 548 2430 mille
582 2374 749 2432 cecidisset.
805 2374 903 2448 Quam
938 2375 977 2432 ob
1012 2392 1131 2431 causam

122 2484 248 2555 postero
277 2479 326 2537 die
352 2488 507 2555 tropaeum
532 2480 639 2554 posuit,
663 2485 725 2554 quo
752 2479 820 2537 loco
847 2480 943 2553 pridie
970 2485 1132 2555 pugnatum
1154 2505 1183 2534 20

121 2596 198 2645 erat.
256 2585 337 2643 Hinc
375 2603 444 2642 cum
480 2595 576 2643 castra
616 2585 755 2644 movisset
796 2603 972 2660 semperque
1012 2587 1133 2643 inferior

121 2692 221 2768 copiis
249 2690 383 2766 superior
410 2690 547 2749 omnibus
578 2690 696 2766 proeliis
728 2690 907 2762 discederet,
935 2692 1017 2765 quod
1048 2710 1131 2749 num-

120 2817 218 2875 quam
244 2816 367 2856 manum
395 2802 573 2869 consereret,
601 2797 657 2855 nisi
687 2816 756 2854 cum
787 2796 969 2856 adversarios
1000 2799 1134 2856 locorum
1164 2802 1166 2806 ’

121 2904 269 2981 angustiis
289 2903 450 2974 clausisset,
471 2901 553 2977 quod
574 2908 669 2977 perito
690 2903 845 2977 regidnum
865 2903 1030 2978 callideque
1053 2904 1134 2978 cogi·

122 3016 201 3069 tanti
234 3027 325 3083 saepe
356 3006 523 3080 accidebat,
551 3008 797 3084 AutophradateS,
826 3027 895 3066 cum
926 3009 1034 3067 bellum
1063 3009 1133 3067 drici
1155 3030 1181 3077 ²5

123 3116 240 3175 maiore
269 3115 345 3190 regis
373 3114 541 3172 calamitate
565 3132 655 3189 quam
680 3112 913 3172 adversariorum
938 3114 1061 3186 videret,
1083 3120 1133 3189 pa-

122 3241 194 3281 cem
220 3220 442 3296 amicitiamque
467 3220 618 3295 pristInam
644 3226 811 3279 memorans
836 3239 905 3278 eum
929 3221 1060 3279 hortatus
1081 3230 1135 3292 est,

122 3339 157 3387 ut
186 3346 258 3385 curn
287 3331 357 3402 rege
385 3326 417 3383 iu
443 3324 566 3401 gratiam
593 3324 711 3384 rediret.
753 3327 853 3400 Quam
881 3325 929 3384 ille
957 3332 1012 3384 etsi
1039 3325 1136 3383 fidam

124 3439 187 3492 non
216 3434 280 3491 fore
309 3431 442 3507 putabat,
467 3440 568 3489 tamen
595 3430 805 3490 condicionem
834 3432 952 3507 accepit
979 3436 1070 3508 seque
1098 3434 1137 3491 ad

124 3543 324 3599 Artaxerxem
345 3538 457 3612 legatos
478 3541 631 3595 missrirum
653 3536 737 3595 dixit.
778 3537 826 3596 Sic
847 3537 967 3611 bellum,
982 3538 1065 3613 quod
1085 3544 1137 3596 rex
1160 3566 1189 3613 3⁰

125 3646 270 3705 adversus
306 3645 456 3701 Datamen
486 3647 665 3717 susceperat,
694 3641 831 3702 sedatum
862 3653 917 3703 est.
971 3644 1137 3719 Autophra-

126 3755 213 3811 dates
235 3750 267 3808 in
290 3748 446 3825 Phrygiam
469 3751 501 3807 εδ
521 3748 643 3824 recepit.
