2817 4250
115 344 165 391 ιιι,
177 331 229 395 ιν.]
555 329 744 379 LYSANDER
1134 344 1175 408 ²7

116 507 253 564 lectaras.
308 505 410 562 Victor
440 521 477 561 ex
508 503 577 561 Asia
607 522 675 560 cum
708 511 901 564 reverteretur
932 508 1123 585 Thasumque

116 611 300 682 davertisset,
328 609 410 685 quod
440 628 476 667 ea
506 610 607 668 civitas
638 611 798 686 praecipua
833 613 893 672 fida
926 615 1020 674 iuerat
1055 624 1124 692 erga

116 718 321 788 Athaniensas,
343 716 468 792 proinde
494 735 528 773 ac
554 723 578 774 si
602 722 662 775 nan
687 717 779 775 iidem
808 720 970 778 firmissimi
995 723 1122 782 solarent

116 842 180 881 esse
202 830 297 895 amici,
319 829 370 897 qui
390 827 559 881 canstantas
580 823 702 882 fuissent
724 824 844 896 inimici,
866 836 1034 900 pervertere
1055 847 1122 887 eam

63 1002 68 1010 ι
116 930 292 1004 concupivit.
335 929 417 987 Vidit
445 940 553 1001 autem,
580 929 634 987 nisi
662 929 693 987 in
719 936 756 988 eo
785 933 962 991 occultasset
991 935 1121 993 volunta·
1146 961 1157 1007 ς

116 1047 187 1108 tem,
209 1037 338 1093 futurum
361 1044 393 1093 ut
416 1035 517 1093 Thasii
541 1034 742 1094 dilaberentur
765 1038 1013 1114 causulerentque
1034 1041 1122 1100 rabns

115 1149 183 1200 suis.
207 1187 213 1200 .
237 1186 274 1200 ..

156 1250 216 1306 ΙΙΙ.
246 1249 350 1322 Itaque
379 1247 398 1304 ii
425 1247 653 1306 decemviralem
684 1255 864 1323 potestatem
895 1252 933 1311 ab
966 1251 1016 1310 illa
1049 1258 1120 1311 can·

115 1355 247 1413 stitatam
274 1353 460 1412 sustularunt.
512 1354 581 1428 Qua
610 1353 714 1412 dolare
744 1356 880 1414 incansus
908 1357 971 1415 iniit
999 1360 1122 1417 consilia

114 1465 200 1535 ragas
222 1458 527 1538 Lacedaemoniamm
549 1459 662 1518 tollere.
705 1461 765 1519 Sed
786 1463 932 1521 sentiabat
952 1463 983 1521 id
1005 1470 1037 1523 s'e‘
1057 1466 1120 1523 sine
1146 1498 1172 1529 10

115 1585 174 1642 ope
196 1566 321 1624 dearum
343 1567 441 1624 facere
462 1571 523 1624 nan
543 1583 642 1641 posse,
664 1565 747 1641 quod
773 1567 1002 1628 Lacedaemonii
1022 1572 1123 1628 omnia

115 1673 154 1732 ad
169 1674 288 1731 aracula
308 1674 416 1732 referre
438 1677 624 1732 consuarant.

156 1781 286 1838 Primum
312 1779 492 1854 Delphicum
519 1797 710 1854 corrumpere
738 1790 783 1838 est
810 1786 942 1840 canatus.
986 1783 1063 1842 Cum
1091 1783 1122 1841 id

114 1890 177 1943 nan
204 1885 357 1959 potuisset,
387 1884 586 1943 Dadanaeum
619 1884 740 1943 adortus
776 1895 829 1944 est.
885 1887 968 1945 Hinc
1002 1906 1121 1964 quoque

114 1991 249 2066 repulsus
277 1990 351 2048 dixit
377 1995 410 2049 sa
440 1995 511 2049 vata
545 1991 717 2066 suscepisse,
746 2009 823 2066 quae
860 1994 923 2050 Iovi
959 1995 1122 2052 Hammoni
1147 2016 1171 2062 ις

114 2097 251 2169 solveret,
281 2097 450 2156 existimans
478 2101 510 2156 se
538 2084 622 2156 diras
651 2097 763 2156 facilius
790 2104 1006 2175 corruptarum.
1053 2103 1121 2159 Hac

114 2210 171 2281 spa
198 2224 266 2262 cum
294 2205 444 2279 profectus
473 2214 550 2262 esset
582 2205 612 2261 in
639 2191 779 2277 africam,
802 2206 926 2263 multum
952 2225 1018 2264 eum
1048 2208 1120 2265 anti-

115 2311 198 2368 stites
226 2310 304 2368 Iovis
332 2297 497 2368 seseliarunt
507 2330 516 2383 3
551 2328 620 2367 nam
652 2316 713 2367 nan
748 2311 843 2368 solum
878 2318 1026 2386 corrumpi
1060 2318 1121 2370 non

114 2420 284 2491 pomarum,
313 2414 367 2474 sed
402 2415 491 2473 etiam
527 2415 640 2491 lagatas
677 2415 936 2475 Lacedaemonem
971 2423 1121 2487 miserunt,

114 2528 167 2597 qui
202 2521 385 2596 Lysandrum
420 2526 601 2593 accusarent,
629 2521 712 2596 quod
746 2521 917 2581 sacerdatas
954 2524 968 2579 t
972 2529 1020 2581 ani
1056 2542 1119 2582 cor·
1145 2549 1173 2579 20

113 2645 253 2702 rumpere
276 2633 400 2686 canatus
424 2637 511 2685 esset.
553 2630 715 2686 Accusatus
743 2628 802 2686 hac
830 2628 952 2686 crimine
975 2628 1120 2688 iadicum-

113 2750 174 2808 que
217 2733 366 2792 absolutus
405 2733 565 2804 sententiis,
602 2733 809 2792 Orchomeniis
848 2740 952 2793 missus
990 2735 1121 2794 subsidia

114 2846 231 2898 occisus
256 2850 300 2898 est
324 2845 342 2898 a
365 2839 514 2898 Thabanis
539 2839 620 2915 apud
646 2840 823 2899 Haliartum.
866 2841 963 2914 Quam
988 2846 1057 2900 vara
1082 2841 1121 2900 de

114 2950 153 3003 ea
182 2964 267 3003 secus
293 2945 369 3003 soret
396 2944 568 3018 iudicatum,
597 2946 691 3008 aratia
719 2946 831 3005 indicia
859 2946 921 3018 fuit,
949 2965 1026 3022 quae
1054 2958 1121 3022 post

114 3061 244 3109 mortem
272 3050 302 3109 in
330 3050 422 3109 doma
449 3050 511 3109 aius
539 3061 655 3126 reperta
682 3061 737 3122 est,
765 3052 796 3109 in
819 3058 879 3127 qua
902 3051 1006 3110 suadet
1029 3054 1121 3110 Lace-
1144 3078 1170 3126 ²5

113 3156 289 3227 daemoniis,
317 3166 350 3214 ut
377 3156 458 3232 ragia
484 3136 802 3231 potestatedissolata
829 3175 866 3214 ex
894 3157 1031 3216 omnibus
1060 3157 1122 3216 dux

114 3262 260 3337 daligatur
286 3261 325 3320 ad
353 3262 462 3321 bellum
490 3261 665 3337 gerendum,
687 3261 741 3321 sed
766 3268 807 3321 sic
832 3269 950 3338 scripta,
972 3273 1005 3322 ut
1029 3262 1120 3322 deam

113 3368 265 3427 vidaratur
292 3386 454 3443 congruere
482 3368 656 3441 sententiae,
684 3387 776 3444 quam
803 3368 853 3427 ille
887 3372 920 3427 sa
954 3369 1120 3428 habitarum

113 3474 243 3549 pecunia
269 3472 369 3532 fidans
398 3478 458 3531 nan
485 3473 642 3533 dubitarat.
685 3475 774 3532 Hanc
799 3480 827 3532 ei
851 3474 1000 3550 scripsisse
1026 3475 1121 3534 Clean

115 3580 336 3638 Halicamasius
357 3579 473 3638 dicitur.
1143 3610 1172 3656 30

157 3686 210 3744 IV.
239 3688 337 3760 Atque
367 3684 425 3744 hac
455 3687 523 3745 loca
550 3690 612 3745 non
647 3695 691 3744 est
727 3685 975 3761 praetereundum
1010 3686 1121 3744 sactum

115 3790 307 3863 Pharnabazi,
322 3791 444 3867 satrapis
465 3792 545 3867 ragii.
589 3791 668 3849 Nam
689 3809 758 3850 cum
781 3782 933 3866 Lysander
954 3791 1121 3866 praefectus
