<?xml version="1.0" encoding="UTF-8"?>
<!DOCTYPE html PUBLIC "-//W3C//DTD XHTML 1.0 Transitional//EN"
    "http://www.w3.org/TR/xhtml1/DTD/xhtml1-transitional.dtd">
<html xmlns="http://www.w3.org/1999/xhtml" xml:lang="en" lang="en">
 <head>
  <title>
</title>
<meta http-equiv="Content-Type" content="text/html;charset=utf-8" />
  <meta name='ocr-system' content='tesseract 3.04.00' />
  <meta name='ocr-capabilities' content='ocr_page ocr_carea ocr_par ocr_line ocrx_word'/>
</head>
<body>
  <div class='ocr_page' id='page_1' title='image "./corneliinepotis26nepogoog_0099.png"; bbox 0 0 2817 4250; ppageno 0'>
   <div class='ocr_carea' id='block_1_1' title="bbox 154 301 1203 381">
    <p class='ocr_par' dir='ltr' id='par_1_1' title="bbox 154 301 1203 381">
     <span class='ocr_line' id='line_1_1' title="bbox 154 301 1203 381; baseline -0.004 -23"><span class='ocrx_word' id='word_1_1' title='bbox 154 309 201 374; x_wconf 88' lang='lat'>11.]</span> <span class='ocrx_word' id='word_1_2' title='bbox 558 306 813 356; x_wconf 86' lang='lat' dir='ltr'>EPAMINONDAS</span> <span class='ocrx_word' id='word_1_3' title='bbox 1159 301 1203 381; x_wconf 85' lang='lat'>69</span> 
     </span>
    </p>
   </div>
   <div class='ocr_carea' id='block_1_2' title="bbox 137 480 1201 3627">
    <p class='ocr_par' dir='ltr' id='par_1_2' title="bbox 137 480 1199 1492">
     <span class='ocr_line' id='line_1_2' title="bbox 139 480 1151 556; baseline 0 -17"><span class='ocrx_word' id='word_1_4' title='bbox 139 488 208 556; x_wconf 87' lang='lat' dir='ltr'>pari</span> <span class='ocrx_word' id='word_1_5' title='bbox 233 481 325 540; x_wconf 73' lang='lat' dir='ltr'>modo</span> <span class='ocrx_word' id='word_1_6' title='bbox 350 485 553 556; x_wconf 72' lang='lat' dir='ltr'>superaturum</span> <span class='ocrx_word' id='word_1_7' title='bbox 577 483 681 538; x_wconf 76' lang='lat' dir='ltr'>omnes</span> <span class='ocrx_word' id='word_1_8' title='bbox 705 480 737 537; x_wconf 91' lang='lat' dir='ltr'>in</span> <span class='ocrx_word' id='word_1_9' title='bbox 761 483 867 537; x_wconf 73' lang='lat' dir='ltr'>ceteris</span> <span class='ocrx_word' id='word_1_10' title='bbox 891 480 1010 538; x_wconf 88' lang='lat' dir='ltr'>artibus.</span> <span class='ocrx_word' id='word_1_11' title='bbox 1052 483 1151 556; x_wconf 88' lang='lat' dir='ltr'><strong>Atque</strong></span> 
     </span>
     <span class='ocr_line' id='line_1_3' title="bbox 138 583 1149 661; baseline -0.001 -15"><span class='ocrx_word' id='word_1_12' title='bbox 138 587 218 646; x_wconf 88' lang='lat' dir='ltr'>haec</span> <span class='ocrx_word' id='word_1_13' title='bbox 244 588 282 646; x_wconf 93' lang='lat' dir='ltr'>ad</span> <span class='ocrx_word' id='word_1_14' title='bbox 304 597 433 645; x_wconf 88' lang='lat' dir='ltr'>nostram</span> <span class='ocrx_word' id='word_1_15' title='bbox 457 583 701 644; x_wconf 73' lang='lat' dir='ltr'>consuetudinem</span> <span class='ocrx_word' id='word_1_16' title='bbox 723 595 790 643; x_wconf 92' lang='lat' dir='ltr'>sunt</span> <span class='ocrx_word' id='word_1_17' title='bbox 812 587 887 643; x_wconf 87' lang='lat' dir='ltr'>levia</span> <span class='ocrx_word' id='word_1_18' title='bbox 909 597 938 644; x_wconf 89' lang='lat' dir='ltr'>et</span> <span class='ocrx_word' id='word_1_19' title='bbox 959 586 1057 661; x_wconf 84' lang='lat' dir='ltr'>potiu&#39;s</span> <span class='ocrx_word' id='word_1_20' title='bbox 1079 606 1149 646; x_wconf 93' lang='lat' dir='ltr'>con-</span> 
     </span>
     <span class='ocr_line' id='line_1_4' title="bbox 139 691 1152 766; baseline -0.001 -15"><span class='ocrx_word' id='word_1_21' title='bbox 139 694 325 765; x_wconf 79' lang='lat' dir='ltr'>temnenda3</span> <span class='ocrx_word' id='word_1_22' title='bbox 364 702 394 750; x_wconf 92' lang='lat' dir='ltr'>at</span> <span class='ocrx_word' id='word_1_23' title='bbox 432 693 462 749; x_wconf 92' lang='lat' dir='ltr'>in</span> <span class='ocrx_word' id='word_1_24' title='bbox 499 691 633 762; x_wconf 75' lang='lat' dir='ltr'>Graecia,</span> <span class='ocrx_word' id='word_1_25' title='bbox 665 691 767 765; x_wconf 89' lang='lat' dir='ltr'>utique</span> <span class='ocrx_word' id='word_1_26' title='bbox 803 692 883 762; x_wconf 75' lang='lat' dir='ltr'>olim,</span> <span class='ocrx_word' id='word_1_27' title='bbox 912 697 1036 766; x_wconf 73' lang='lat' dir='ltr'>magnae</span> <span class='ocrx_word' id='word_1_28' title='bbox 1072 692 1152 752; x_wconf 84' lang='lat' dir='ltr'>laudi</span> 
     </span>
     <span class='ocr_line' id='line_1_5' title="bbox 140 796 1150 873; baseline -0.001 -16"><span class='ocrx_word' id='word_1_29' title='bbox 140 809 237 858; x_wconf 89' lang='lat' dir='ltr'>erant.</span> <span class='ocrx_word' id='word_1_30' title='bbox 289 801 448 873; x_wconf 88' lang='lat' dir='ltr'>Postquam</span> <span class='ocrx_word' id='word_1_31' title='bbox 477 797 609 871; x_wconf 71' lang='lat' dir='ltr'>ephEbus</span> <span class='ocrx_word' id='word_1_32' title='bbox 638 806 682 855; x_wconf 90' lang='lat' dir='ltr'>est</span> <span class='ocrx_word' id='word_1_33' title='bbox 711 796 803 854; x_wconf 84' lang='lat' dir='ltr'>sactus</span> <span class='ocrx_word' id='word_1_34' title='bbox 831 806 861 854; x_wconf 93' lang='lat' dir='ltr'>et</span> <span class='ocrx_word' id='word_1_35' title='bbox 888 797 1051 870; x_wconf 87' lang='lat' dir='ltr'>palaestrae</span> <span class='ocrx_word' id='word_1_36' title='bbox 1079 798 1150 856; x_wconf 92' lang='lat' dir='ltr'>dare</span> 
     </span>
     <span class='ocr_line' id='line_1_6' title="bbox 139 902 1185 980; baseline -0.001 -17"><span class='ocrx_word' id='word_1_37' title='bbox 139 923 268 980; x_wconf 86' lang='lat' dir='ltr'>operam</span> <span class='ocrx_word' id='word_1_38' title='bbox 289 905 399 979; x_wconf 84' lang='lat' dir='ltr'>coepit,</span> <span class='ocrx_word' id='word_1_39' title='bbox 419 909 480 962; x_wconf 75' lang='lat' dir='ltr'>non</span> <span class='ocrx_word' id='word_1_40' title='bbox 501 913 562 962; x_wconf 91' lang='lat' dir='ltr'>tam</span> <span class='ocrx_word' id='word_1_41' title='bbox 583 902 778 978; x_wconf 74' lang='lat' dir='ltr'>magnitudini</span> <span class='ocrx_word' id='word_1_42' title='bbox 798 903 901 960; x_wconf 89' lang='lat' dir='ltr'>virium</span> <span class='ocrx_word' id='word_1_43' title='bbox 924 904 1040 961; x_wconf 83' lang='lat' dir='ltr'><strong>servivit</strong></span> <span class='ocrx_word' id='word_1_44' title='bbox 1061 910 1150 978; x_wconf 84' lang='lat' dir='ltr'>quam</span> <span class='ocrx_word' id='word_1_45' title='bbox 1174 925 1185 972; x_wconf 83' lang='lat'><strong>5</strong></span> 
     </span>
     <span class='ocr_line' id='line_1_7' title="bbox 137 1008 1151 1082; baseline 0 -14"><span class='ocrx_word' id='word_1_46' title='bbox 137 1012 310 1082; x_wconf 73' lang='lat' dir='ltr'>velocitati;</span> <span class='ocrx_word' id='word_1_47' title='bbox 340 1011 419 1068; x_wconf 91' lang='lat' dir='ltr'>illam</span> <span class='ocrx_word' id='word_1_48' title='bbox 445 1010 524 1068; x_wconf 90' lang='lat' dir='ltr'>enim</span> <span class='ocrx_word' id='word_1_49' title='bbox 547 1008 586 1067; x_wconf 89' lang='lat' dir='ltr'>ad</span> <span class='ocrx_word' id='word_1_50' title='bbox 607 1009 782 1067; x_wconf 76' lang='lat' dir='ltr'>athletarum</span> <span class='ocrx_word' id='word_1_51' title='bbox 804 1013 898 1080; x_wconf 80' lang='lat' dir='ltr'>risum,</span> <span class='ocrx_word' id='word_1_52' title='bbox 921 1009 997 1066; x_wconf 85' lang='lat' dir='ltr'>hanc</span> <span class='ocrx_word' id='word_1_53' title='bbox 1018 1010 1057 1068; x_wconf 90' lang='lat' dir='ltr'>ad</span> <span class='ocrx_word' id='word_1_54' title='bbox 1082 1011 1151 1068; x_wconf 87' lang='lat' dir='ltr'>belli</span> 
     </span>
     <span class='ocr_line' id='line_1_8' title="bbox 140 1115 1149 1190; baseline 0 -16"><span class='ocrx_word' id='word_1_55' title='bbox 140 1117 330 1175; x_wconf 78' lang='lat' dir='ltr'>existimabat</span> <span class='ocrx_word' id='word_1_56' title='bbox 356 1117 511 1174; x_wconf 75' lang='lat' dir='ltr'>utilitatem</span> <span class='ocrx_word' id='word_1_57' title='bbox 538 1115 695 1190; x_wconf 76' lang='lat' dir='ltr'>pertinere.</span> <span class='ocrx_word' id='word_1_58' title='bbox 739 1117 844 1189; x_wconf 90' lang='lat' dir='ltr'>Itaque</span> <span class='ocrx_word' id='word_1_59' title='bbox 870 1115 1061 1173; x_wconf 70' lang='lat' dir='ltr'>exerchatur</span> <span class='ocrx_word' id='word_1_60' title='bbox 1085 1117 1149 1188; x_wconf 78' lang='lat' dir='ltr'>plri-</span> 
     </span>
     <span class='ocr_line' id='line_1_9' title="bbox 139 1219 1148 1294; baseline -0.001 -14"><span class='ocrx_word' id='word_1_61' title='bbox 139 1223 252 1280; x_wconf 89' lang='lat' dir='ltr'>rimum</span> <span class='ocrx_word' id='word_1_62' title='bbox 277 1222 424 1280; x_wconf 75' lang='lat' dir='ltr'>currendo</span> <span class='ocrx_word' id='word_1_63' title='bbox 449 1232 479 1280; x_wconf 93' lang='lat' dir='ltr'>et</span> <span class='ocrx_word' id='word_1_64' title='bbox 504 1221 644 1279; x_wconf 74' lang='lat' dir='ltr'>luctando</span> <span class='ocrx_word' id='word_1_65' title='bbox 668 1219 797 1278; x_wconf 90' lang='lat' dir='ltr'>adeum</span> <span class='ocrx_word' id='word_1_66' title='bbox 819 1221 924 1292; x_wconf 82' lang='lat' dir='ltr'>linem,</span> <span class='ocrx_word' id='word_1_67' title='bbox 946 1221 1045 1294; x_wconf 88' lang='lat' dir='ltr'>quoad</span> <span class='ocrx_word' id='word_1_68' title='bbox 1071 1228 1148 1279; x_wconf 77' lang='lat' dir='ltr'>stans</span> 
     </span>
     <span class='ocr_line' id='line_1_10' title="bbox 140 1326 1147 1403; baseline -0.002 -17"><span class='ocrx_word' id='word_1_69' title='bbox 140 1328 305 1402; x_wconf 83' lang='lat' dir='ltr'><strong>complecti</strong></span> <span class='ocrx_word' id='word_1_70' title='bbox 327 1337 428 1403; x_wconf 88' lang='lat' dir='ltr'>posset</span> <span class='ocrx_word' id='word_1_71' title='bbox 452 1338 542 1401; x_wconf 89' lang='lat' dir='ltr'>atque</span> <span class='ocrx_word' id='word_1_72' title='bbox 566 1326 756 1384; x_wconf 84' lang='lat' dir='ltr'>contendere.</span> <span class='ocrx_word' id='word_1_73' title='bbox 801 1327 838 1383; x_wconf 93' lang='lat' dir='ltr'>In</span> <span class='ocrx_word' id='word_1_74' title='bbox 859 1332 945 1384; x_wconf 86' lang='lat' dir='ltr'>armis</span> <span class='ocrx_word' id='word_1_75' title='bbox 969 1331 1038 1384; x_wconf 75' lang='lat' dir='ltr'>vero</span> <span class='ocrx_word' id='word_1_76' title='bbox 1060 1327 1147 1400; x_wconf 82' lang='lat' dir='ltr'>plr&#39;rri-</span> 
     </span>
     <span class='ocr_line' id='line_1_11' title="bbox 140 1434 1199 1492; baseline -0.003 0"><span class='ocrx_word' id='word_1_77' title='bbox 140 1453 227 1492; x_wconf 90' lang='lat' dir='ltr'>mum</span> <span class='ocrx_word' id='word_1_78' title='bbox 249 1434 337 1492; x_wconf 90' lang='lat' dir='ltr'>studii</span> <span class='ocrx_word' id='word_1_79' title='bbox 359 1434 561 1492; x_wconf 75' lang='lat' dir='ltr'>consumebat.</span> <span class='ocrx_word' id='word_1_80' title='bbox 1173 1461 1199 1490; x_wconf 77' lang='grc' dir='ltr'>ιο</span> 
     </span>
    </p>

    <p class='ocr_par' dir='ltr' id='par_1_3' title="bbox 137 1537 1199 2868">
     <span class='ocr_line' id='line_1_12' title="bbox 184 1537 1149 1613; baseline -0.002 -17"><span class='ocrx_word' id='word_1_81' title='bbox 184 1540 245 1597; x_wconf 88' lang='grc' dir='ltr'>ΙΙΙ,</span> <span class='ocrx_word' id='word_1_82' title='bbox 273 1539 321 1597; x_wconf 93' lang='lat' dir='ltr'>Ad</span> <span class='ocrx_word' id='word_1_83' title='bbox 349 1539 433 1596; x_wconf 82' lang='lat' dir='ltr'>hanc&#39;</span> <span class='ocrx_word' id='word_1_84' title='bbox 454 1538 585 1613; x_wconf 90' lang='lat' dir='ltr'>corporis</span> <span class='ocrx_word' id='word_1_85' title='bbox 617 1537 791 1595; x_wconf 73' lang='lat' dir='ltr'>firmitatem</span> <span class='ocrx_word' id='word_1_86' title='bbox 823 1537 906 1610; x_wconf 75' lang='lat' dir='ltr'>plura</span> <span class='ocrx_word' id='word_1_87' title='bbox 937 1537 1027 1594; x_wconf 89' lang='lat' dir='ltr'>etiam</span> <span class='ocrx_word' id='word_1_88' title='bbox 1059 1538 1149 1595; x_wconf 82' lang='lat' dir='ltr'>animi</span> 
     </span>
     <span class='ocr_line' id='line_1_13' title="bbox 140 1642 1147 1718; baseline -0.003 -13"><span class='ocrx_word' id='word_1_89' title='bbox 140 1646 224 1705; x_wconf 91' lang='lat' dir='ltr'>bona</span> <span class='ocrx_word' id='word_1_90' title='bbox 251 1654 445 1704; x_wconf 86' lang='lat' dir='ltr'>accesserant.</span> <span class='ocrx_word' id='word_1_91' title='bbox 489 1646 561 1703; x_wconf 86' lang='lat' dir='ltr'>Erat</span> <span class='ocrx_word' id='word_1_92' title='bbox 589 1643 669 1701; x_wconf 88' lang='lat' dir='ltr'>enim</span> <span class='ocrx_word' id='word_1_93' title='bbox 698 1642 859 1714; x_wconf 90' lang='lat' dir='ltr'>modestus,</span> <span class='ocrx_word' id='word_1_94' title='bbox 884 1643 1023 1716; x_wconf 78' lang='lat' dir='ltr'>prudens,</span> <span class='ocrx_word' id='word_1_95' title='bbox 1044 1645 1147 1718; x_wconf 87' lang='lat' dir='ltr'>gravis,</span> 
     </span>
     <span class='ocr_line' id='line_1_14' title="bbox 139 1748 1147 1826; baseline -0.003 -17"><span class='ocrx_word' id='word_1_96' title='bbox 139 1751 330 1826; x_wconf 91' lang='lat' dir='ltr'>temporibus</span> <span class='ocrx_word' id='word_1_97' title='bbox 364 1751 513 1826; x_wconf 86' lang='lat' dir='ltr'>sapienter</span> <span class='ocrx_word' id='word_1_98' title='bbox 546 1755 641 1821; x_wconf 76' lang='lat' dir='ltr'>utens,</span> <span class='ocrx_word' id='word_1_99' title='bbox 677 1755 787 1824; x_wconf 91' lang='lat' dir='ltr'>peritus</span> <span class='ocrx_word' id='word_1_100' title='bbox 822 1748 899 1818; x_wconf 86' lang='lat' dir='ltr'>belli,</span> <span class='ocrx_word' id='word_1_101' title='bbox 932 1749 1013 1807; x_wconf 86' lang='lat' dir='ltr'>fortis</span> <span class='ocrx_word' id='word_1_102' title='bbox 1050 1755 1147 1819; x_wconf 81' lang='lat' dir='ltr'>manti,</span> 
     </span>
     <span class='ocr_line' id='line_1_15' title="bbox 140 1854 1148 1929; baseline -0.002 -15"><span class='ocrx_word' id='word_1_103' title='bbox 140 1858 244 1914; x_wconf 74' lang='lat' dir='ltr'>animo</span> <span class='ocrx_word' id='word_1_104' title='bbox 266 1857 404 1927; x_wconf 76' lang='lat' dir='ltr'>maximo,</span> <span class='ocrx_word' id='word_1_105' title='bbox 422 1855 500 1913; x_wconf 74' lang='lat' dir='ltr'>adeo</span> <span class='ocrx_word' id='word_1_106' title='bbox 521 1855 652 1912; x_wconf 75' lang='lat' dir='ltr'>veritatis</span> <span class='ocrx_word' id='word_1_107' title='bbox 674 1854 807 1929; x_wconf 79' lang='lat' dir='ltr'>diligens,</span> <span class='ocrx_word' id='word_1_108' title='bbox 825 1864 858 1911; x_wconf 90' lang='lat' dir='ltr'>ut</span> <span class='ocrx_word' id='word_1_109' title='bbox 879 1859 916 1912; x_wconf 77' lang='lat' dir='ltr'>ne</span> <span class='ocrx_word' id='word_1_110' title='bbox 937 1855 1005 1912; x_wconf 76' lang='lat' dir='ltr'>ioco</span> <span class='ocrx_word' id='word_1_111' title='bbox 1026 1855 1148 1929; x_wconf 90' lang='lat' dir='ltr'>quidem</span> 
     </span>
     <span class='ocr_line' id='line_1_16' title="bbox 140 1948 1197 2035; baseline -0.002 -15"><span class='ocrx_word' id='word_1_112' title='bbox 140 1967 330 2021; x_wconf 66' lang='lat' dir='ltr'>mentiretur.v</span> <span class='ocrx_word' id='word_1_113' title='bbox 382 1948 469 2020; x_wconf 69' lang='lat' dir='ltr'>idem</span> <span class='ocrx_word' id='word_1_114' title='bbox 500 1961 665 2032; x_wconf 82' lang='lat' dir='ltr'>continens,</span> <span class='ocrx_word' id='word_1_115' title='bbox 694 1961 826 2019; x_wconf 72' lang='lat' dir='ltr'>clemens</span> <span class='ocrx_word' id='word_1_116' title='bbox 853 1961 1028 2035; x_wconf 74' lang='lat' dir='ltr'>patiensque</span> <span class='ocrx_word' id='word_1_117' title='bbox 1055 1961 1147 2018; x_wconf 81' lang='lat' dir='ltr'>admi·</span> <span class='ocrx_word' id='word_1_118' title='bbox 1173 1985 1197 2032; x_wconf 77' lang='grc' dir='ltr'>ις</span> 
     </span>
     <span class='ocr_line' id='line_1_17' title="bbox 139 2065 1148 2142; baseline -0.001 -15"><span class='ocrx_word' id='word_1_119' title='bbox 139 2067 270 2127; x_wconf 89' lang='lat' dir='ltr'>randum</span> <span class='ocrx_word' id='word_1_120' title='bbox 294 2069 324 2126; x_wconf 90' lang='lat' dir='ltr'>in</span> <span class='ocrx_word' id='word_1_121' title='bbox 351 2066 483 2139; x_wconf 90' lang='lat' dir='ltr'>modum,</span> <span class='ocrx_word' id='word_1_122' title='bbox 505 2073 566 2126; x_wconf 77' lang='lat' dir='ltr'>non</span> <span class='ocrx_word' id='word_1_123' title='bbox 591 2066 685 2125; x_wconf 76' lang='lat' dir='ltr'>solum</span> <span class='ocrx_word' id='word_1_124' title='bbox 714 2067 824 2142; x_wconf 84' lang='lat' dir='ltr'>populi,</span> <span class='ocrx_word' id='word_1_125' title='bbox 839 2065 892 2123; x_wconf 89' lang='lat' dir='ltr'>sed</span> <span class='ocrx_word' id='word_1_126' title='bbox 922 2067 1010 2123; x_wconf 92' lang='lat' dir='ltr'>etiam</span> <span class='ocrx_word' id='word_1_127' title='bbox 1038 2073 1148 2126; x_wconf 75' lang='lat' dir='ltr'>amico·</span> 
     </span>
     <span class='ocr_line' id='line_1_18' title="bbox 138 2173 1147 2248; baseline -0.001 -16"><span class='ocrx_word' id='word_1_128' title='bbox 138 2194 208 2232; x_wconf 91' lang='lat' dir='ltr'>rum</span> <span class='ocrx_word' id='word_1_129' title='bbox 237 2175 334 2233; x_wconf 75' lang='lat' dir='ltr'>ferens</span> <span class='ocrx_word' id='word_1_130' title='bbox 362 2176 490 2247; x_wconf 73' lang='lat' dir='ltr'>iniurias,</span> <span class='ocrx_word' id='word_1_131' title='bbox 512 2175 542 2232; x_wconf 93' lang='lat' dir='ltr'>in</span> <span class='ocrx_word' id='word_1_132' title='bbox 570 2180 670 2248; x_wconf 88' lang='lat' dir='ltr'>primis</span> <span class='ocrx_word' id='word_1_133' title='bbox 695 2180 852 2230; x_wconf 87' lang='lat' dir='ltr'>commissa</span> <span class='ocrx_word' id='word_1_134' title='bbox 877 2173 985 2244; x_wconf 76' lang='lat' dir='ltr'>celans,</span> <span class='ocrx_word' id='word_1_135' title='bbox 1007 2173 1147 2247; x_wconf 92' lang='lat' dir='ltr'>quodque</span> 
     </span>
     <span class='ocr_line' id='line_1_19' title="bbox 138 2278 1147 2354; baseline -0.002 -16"><span class='ocrx_word' id='word_1_136' title='bbox 138 2280 293 2339; x_wconf 87' lang='lat' dir='ltr'>interdum</span> <span class='ocrx_word' id='word_1_137' title='bbox 318 2286 377 2339; x_wconf 78' lang='lat' dir='ltr'>non</span> <span class='ocrx_word' id='word_1_138' title='bbox 400 2281 495 2337; x_wconf 92' lang='lat' dir='ltr'>minus</span> <span class='ocrx_word' id='word_1_139' title='bbox 520 2278 642 2354; x_wconf 76' lang='lat' dir='ltr'>prodest</span> <span class='ocrx_word' id='word_1_140' title='bbox 663 2297 754 2353; x_wconf 89' lang='lat' dir='ltr'>quam</span> <span class='ocrx_word' id='word_1_141' title='bbox 774 2278 884 2336; x_wconf 77' lang='lat' dir='ltr'>diserte</span> <span class='ocrx_word' id='word_1_142' title='bbox 906 2278 1015 2349; x_wconf 78' lang='lat' dir='ltr'>dicere,</span> <span class='ocrx_word' id='word_1_143' title='bbox 1037 2279 1147 2336; x_wconf 78' lang='lat' dir='ltr'>studio-</span> 
     </span>
     <span class='ocr_line' id='line_1_20' title="bbox 138 2384 1147 2458; baseline -0.002 -13"><span class='ocrx_word' id='word_1_144' title='bbox 138 2406 192 2445; x_wconf 91' lang='lat' dir='ltr'>sus</span> <span class='ocrx_word' id='word_1_145' title='bbox 221 2386 379 2458; x_wconf 85' lang='lat' dir='ltr'>audiendi;</span> <span class='ocrx_word' id='word_1_146' title='bbox 416 2406 452 2443; x_wconf 83' lang='lat' dir='ltr'>ex</span> <span class='ocrx_word' id='word_1_147' title='bbox 480 2386 539 2444; x_wconf 75' lang='lat' dir='ltr'>hoc</span> <span class='ocrx_word' id='word_1_148' title='bbox 567 2386 646 2443; x_wconf 91' lang='lat' dir='ltr'>enim</span> <span class='ocrx_word' id='word_1_149' title='bbox 675 2385 813 2443; x_wconf 76' lang='lat' dir='ltr'>facillime</span> <span class='ocrx_word' id='word_1_150' title='bbox 841 2384 915 2441; x_wconf 88' lang='lat' dir='ltr'>disci</span> <span class='ocrx_word' id='word_1_151' title='bbox 945 2385 1147 2443; x_wconf 73' lang='lat' dir='ltr'>arbitrabatur.</span> 
     </span>
     <span class='ocr_line' id='line_1_21' title="bbox 138 2490 1199 2567; baseline -0.001 -16"><span class='ocrx_word' id='word_1_152' title='bbox 138 2495 249 2567; x_wconf 90' lang='lat' dir='ltr'>Itaque</span> <span class='ocrx_word' id='word_1_153' title='bbox 272 2511 339 2549; x_wconf 91' lang='lat' dir='ltr'>cum</span> <span class='ocrx_word' id='word_1_154' title='bbox 361 2494 392 2549; x_wconf 92' lang='lat' dir='ltr'>in</span> <span class='ocrx_word' id='word_1_155' title='bbox 413 2492 554 2549; x_wconf 91' lang='lat' dir='ltr'>circulum</span> <span class='ocrx_word' id='word_1_156' title='bbox 579 2492 716 2562; x_wconf 77' lang='lat' dir='ltr'>vehisset‚</span> <span class='ocrx_word' id='word_1_157' title='bbox 738 2498 769 2547; x_wconf 91' lang='lat' dir='ltr'>in</span> <span class='ocrx_word' id='word_1_158' title='bbox 793 2496 854 2565; x_wconf 77' lang='lat' dir='ltr'>quo</span> <span class='ocrx_word' id='word_1_159' title='bbox 879 2499 929 2547; x_wconf 93' lang='lat' dir='ltr'>aut</span> <span class='ocrx_word' id='word_1_160' title='bbox 953 2490 992 2547; x_wconf 76' lang='lat' dir='ltr'>de</span> <span class='ocrx_word' id='word_1_161' title='bbox 1017 2496 1048 2548; x_wconf 76' lang='lat' dir='ltr'>re</span> <span class='ocrx_word' id='word_1_162' title='bbox 1074 2492 1148 2565; x_wconf 82' lang='lat' dir='ltr'>pirb-</span> <span class='ocrx_word' id='word_1_163' title='bbox 1171 2520 1199 2550; x_wconf 87' lang='lat'>20</span> 
     </span>
     <span class='ocr_line' id='line_1_22' title="bbox 138 2595 1147 2673; baseline -0.003 -17"><span class='ocrx_word' id='word_1_164' title='bbox 138 2600 200 2655; x_wconf 75' lang='lat' dir='ltr'>lica</span> <span class='ocrx_word' id='word_1_165' title='bbox 236 2598 434 2673; x_wconf 78' lang='lat' dir='ltr'>disputaretur</span> <span class='ocrx_word' id='word_1_166' title='bbox 468 2606 518 2654; x_wconf 93' lang='lat' dir='ltr'>aut</span> <span class='ocrx_word' id='word_1_167' title='bbox 554 2596 592 2654; x_wconf 74' lang='lat' dir='ltr'>de</span> <span class='ocrx_word' id='word_1_168' title='bbox 627 2595 816 2671; x_wconf 75' lang='lat' dir='ltr'>philosophia</span> <span class='ocrx_word' id='word_1_169' title='bbox 849 2600 947 2653; x_wconf 76' lang='lat' dir='ltr'>sermo</span> <span class='ocrx_word' id='word_1_170' title='bbox 982 2595 1147 2668; x_wconf 73' lang='lat' dir='ltr'>haberetur,</span> 
     </span>
     <span class='ocr_line' id='line_1_23' title="bbox 137 2700 1148 2778; baseline -0.002 -16"><span class='ocrx_word' id='word_1_171' title='bbox 137 2722 304 2778; x_wconf 91' lang='lat' dir='ltr'>numquam</span> <span class='ocrx_word' id='word_1_172' title='bbox 337 2703 407 2760; x_wconf 89' lang='lat' dir='ltr'>inde</span> <span class='ocrx_word' id='word_1_173' title='bbox 438 2703 518 2777; x_wconf 92' lang='lat' dir='ltr'>prius</span> <span class='ocrx_word' id='word_1_174' title='bbox 550 2701 694 2773; x_wconf 89' lang='lat' dir='ltr'>discessit,</span> <span class='ocrx_word' id='word_1_175' title='bbox 723 2718 812 2775; x_wconf 90' lang='lat' dir='ltr'>quam</span> <span class='ocrx_word' id='word_1_176' title='bbox 847 2700 885 2758; x_wconf 91' lang='lat' dir='ltr'>ad</span> <span class='ocrx_word' id='word_1_177' title='bbox 920 2700 1016 2759; x_wconf 78' lang='lat' dir='ltr'>linem</span> <span class='ocrx_word' id='word_1_178' title='bbox 1051 2708 1148 2760; x_wconf 79' lang='lat' dir='ltr'>sermo</span> 
     </span>
     <span class='ocr_line' id='line_1_24' title="bbox 137 2808 397 2868; baseline -0.012 0"><span class='ocrx_word' id='word_1_179' title='bbox 137 2820 221 2868; x_wconf 93' lang='lat' dir='ltr'>esset</span> <span class='ocrx_word' id='word_1_180' title='bbox 242 2808 397 2866; x_wconf 89' lang='lat' dir='ltr'>adductus.</span> 
     </span>
    </p>

    <p class='ocr_par' dir='ltr' id='par_1_4' title="bbox 137 2911 1201 3627">
     <span class='ocr_line' id='line_1_25' title="bbox 184 2911 1150 2989; baseline -0.002 -18"><span class='ocrx_word' id='word_1_181' title='bbox 184 2917 392 2989; x_wconf 79' lang='lat' dir='ltr'>Paupertatem</span> <span class='ocrx_word' id='word_1_182' title='bbox 413 2912 491 2971; x_wconf 73' lang='lat' dir='ltr'>adeo</span> <span class='ocrx_word' id='word_1_183' title='bbox 512 2913 597 2970; x_wconf 90' lang='lat' dir='ltr'>facile</span> <span class='ocrx_word' id='word_1_184' title='bbox 619 2930 777 2988; x_wconf 90' lang='lat' dir='ltr'>perpessus</span> <span class='ocrx_word' id='word_1_185' title='bbox 799 2921 852 2983; x_wconf 90' lang='lat' dir='ltr'>est,</span> <span class='ocrx_word' id='word_1_186' title='bbox 868 2922 900 2969; x_wconf 94' lang='lat' dir='ltr'>ut</span> <span class='ocrx_word' id='word_1_187' title='bbox 921 2911 960 2969; x_wconf 79' lang='lat' dir='ltr'>de</span> <span class='ocrx_word' id='word_1_188' title='bbox 979 2917 1011 2969; x_wconf 76' lang='lat' dir='ltr'>re</span> <span class='ocrx_word' id='word_1_189' title='bbox 1030 2912 1150 2985; x_wconf 72' lang='lat' dir='ltr'>publica</span> 
     </span>
     <span class='ocr_line' id='line_1_26' title="bbox 137 3018 1198 3097; baseline -0.004 -19"><span class='ocrx_word' id='word_1_190' title='bbox 137 3020 214 3079; x_wconf 92' lang='lat' dir='ltr'>nihil</span> <span class='ocrx_word' id='word_1_191' title='bbox 243 3030 361 3095; x_wconf 89' lang='lat' dir='ltr'>praeter</span> <span class='ocrx_word' id='word_1_192' title='bbox 388 3020 509 3095; x_wconf 75' lang='lat' dir='ltr'>gloriam</span> <span class='ocrx_word' id='word_1_193' title='bbox 539 3020 660 3093; x_wconf 75' lang='lat' dir='ltr'>ceperit.</span> <span class='ocrx_word' id='word_1_194' title='bbox 715 3021 887 3075; x_wconf 77' lang='lat' dir='ltr'>Amicorum</span> <span class='ocrx_word' id='word_1_195' title='bbox 915 3020 945 3075; x_wconf 92' lang='lat' dir='ltr'>in</span> <span class='ocrx_word' id='word_1_196' title='bbox 973 3023 1005 3075; x_wconf 77' lang='lat' dir='ltr'>se</span> <span class='ocrx_word' id='word_1_197' title='bbox 1036 3018 1148 3075; x_wconf 78' lang='lat' dir='ltr'>tuendo</span> <span class='ocrx_word' id='word_1_198' title='bbox 1172 3051 1198 3097; x_wconf 85' lang='lat'>25</span> 
     </span>
     <span class='ocr_line' id='line_1_27' title="bbox 138 3123 1149 3199; baseline -0.002 -16"><span class='ocrx_word' id='word_1_199' title='bbox 138 3127 237 3184; x_wconf 88' lang='lat' dir='ltr'>caruit</span> <span class='ocrx_word' id='word_1_200' title='bbox 265 3126 459 3198; x_wconf 77' lang='lat' dir='ltr'>facultatibus,</span> <span class='ocrx_word' id='word_1_201' title='bbox 489 3126 549 3183; x_wconf 72' lang='lat' dir='ltr'>fide</span> <span class='ocrx_word' id='word_1_202' title='bbox 581 3125 620 3183; x_wconf 89' lang='lat' dir='ltr'>ad</span> <span class='ocrx_word' id='word_1_203' title='bbox 651 3124 724 3182; x_wconf 75' lang='lat' dir='ltr'>alios</span> <span class='ocrx_word' id='word_1_204' title='bbox 755 3123 951 3182; x_wconf 79' lang='lat' dir='ltr'>sublevandos</span> <span class='ocrx_word' id='word_1_205' title='bbox 983 3142 1072 3199; x_wconf 89' lang='lat' dir='ltr'>saepe</span> <span class='ocrx_word' id='word_1_206' title='bbox 1107 3130 1149 3181; x_wconf 88' lang='lat' dir='ltr'>sic</span> 
     </span>
     <span class='ocr_line' id='line_1_28' title="bbox 137 3229 1149 3305; baseline -0.002 -16"><span class='ocrx_word' id='word_1_207' title='bbox 137 3238 211 3290; x_wconf 80' lang='lat' dir='ltr'>fisus</span> <span class='ocrx_word' id='word_1_208' title='bbox 240 3241 293 3303; x_wconf 88' lang='lat' dir='ltr'>est,</span> <span class='ocrx_word' id='word_1_209' title='bbox 322 3243 354 3288; x_wconf 91' lang='lat' dir='ltr'>ut</span> <span class='ocrx_word' id='word_1_210' title='bbox 382 3230 505 3289; x_wconf 72' lang='lat' dir='ltr'>iudicari</span> <span class='ocrx_word' id='word_1_211' title='bbox 533 3230 625 3305; x_wconf 89' lang='lat' dir='ltr'>possit</span> <span class='ocrx_word' id='word_1_212' title='bbox 653 3231 754 3288; x_wconf 88' lang='lat' dir='ltr'>omnia</span> <span class='ocrx_word' id='word_1_213' title='bbox 781 3237 809 3287; x_wconf 86' lang='lat' dir='ltr'>ei</span> <span class='ocrx_word' id='word_1_214' title='bbox 835 3248 902 3286; x_wconf 90' lang='lat' dir='ltr'>cum</span> <span class='ocrx_word' id='word_1_215' title='bbox 931 3236 1032 3288; x_wconf 83' lang='lat' dir='ltr'>amicis</span> <span class='ocrx_word' id='word_1_216' title='bbox 1060 3229 1149 3287; x_wconf 83' lang='lat' dir='ltr'>fuisse</span> 
     </span>
     <span class='ocr_line' id='line_1_29' title="bbox 139 3334 1149 3410; baseline -0.003 -15"><span class='ocrx_word' id='word_1_217' title='bbox 139 3338 322 3395; x_wconf 78' lang='lat' dir='ltr'>communia.</span> <span class='ocrx_word' id='word_1_218' title='bbox 380 3338 459 3394; x_wconf 88' lang='lat' dir='ltr'>Nam</span> <span class='ocrx_word' id='word_1_219' title='bbox 493 3355 561 3393; x_wconf 89' lang='lat' dir='ltr'>cum</span> <span class='ocrx_word' id='word_1_220' title='bbox 596 3345 646 3392; x_wconf 89' lang='lat' dir='ltr'>aut</span> <span class='ocrx_word' id='word_1_221' title='bbox 681 3337 789 3393; x_wconf 84' lang='lat' dir='ltr'>civium</span> <span class='ocrx_word' id='word_1_222' title='bbox 825 3341 943 3392; x_wconf 74' lang='lat' dir='ltr'>suorum</span> <span class='ocrx_word' id='word_1_223' title='bbox 975 3334 1078 3410; x_wconf 88' lang='lat' dir='ltr'>aliquis</span> <span class='ocrx_word' id='word_1_224' title='bbox 1111 3336 1149 3392; x_wconf 88' lang='lat' dir='ltr'>ab</span> 
     </span>
     <span class='ocr_line' id='line_1_30' title="bbox 140 3442 1147 3516; baseline -0.003 -16"><span class='ocrx_word' id='word_1_225' title='bbox 140 3444 276 3503; x_wconf 93' lang='lat' dir='ltr'>hostibus</span> <span class='ocrx_word' id='word_1_226' title='bbox 305 3453 382 3500; x_wconf 87' lang='lat' dir='ltr'>esset</span> <span class='ocrx_word' id='word_1_227' title='bbox 410 3453 513 3516; x_wconf 91' lang='lat' dir='ltr'>eaptus</span> <span class='ocrx_word' id='word_1_228' title='bbox 542 3450 591 3499; x_wconf 91' lang='lat' dir='ltr'>aut</span> <span class='ocrx_word' id='word_1_229' title='bbox 619 3442 700 3516; x_wconf 77' lang='lat' dir='ltr'>virgo</span> <span class='ocrx_word' id='word_1_230' title='bbox 729 3442 835 3499; x_wconf 80' lang='lat' dir='ltr'>nubilis</span> <span class='ocrx_word' id='word_1_231' title='bbox 866 3452 989 3515; x_wconf 91' lang='lat' dir='ltr'>propter</span> <span class='ocrx_word' id='word_1_232' title='bbox 1022 3459 1147 3516; x_wconf 92' lang='lat' dir='ltr'>pauper-</span> 
     </span>
     <span class='ocr_line' id='line_1_31' title="bbox 139 3548 1201 3627; baseline -0.004 -20"><span class='ocrx_word' id='word_1_233' title='bbox 139 3554 235 3609; x_wconf 70' lang='lat' dir='ltr'>tatem</span> <span class='ocrx_word' id='word_1_234' title='bbox 257 3549 407 3606; x_wconf 77' lang='lat' dir='ltr'>conlocari</span> <span class='ocrx_word' id='word_1_235' title='bbox 430 3553 489 3605; x_wconf 77' lang='lat' dir='ltr'>non</span> <span class='ocrx_word' id='word_1_236' title='bbox 516 3557 625 3621; x_wconf 90' lang='lat' dir='ltr'>posset,</span> <span class='ocrx_word' id='word_1_237' title='bbox 648 3552 810 3604; x_wconf 79' lang='lat' dir='ltr'>amicorum</span> <span class='ocrx_word' id='word_1_238' title='bbox 835 3548 993 3603; x_wconf 91' lang='lat' dir='ltr'>concilium</span> <span class='ocrx_word' id='word_1_239' title='bbox 1020 3548 1149 3604; x_wconf 66' lang='lat' dir='ltr'>habEbat</span> <span class='ocrx_word' id='word_1_240' title='bbox 1171 3581 1201 3627; x_wconf 85' lang='lat'>30</span> 
     </span>
    </p>
   </div>
   <div class='ocr_carea' id='block_1_3' title="bbox 140 3642 1147 3835">
    <p class='ocr_par' dir='ltr' id='par_1_5' title="bbox 140 3642 1147 3835">
     <span class='ocr_line' id='line_1_32' title="bbox 140 3642 1147 3729; baseline -0.006 -16"><span class='ocrx_word' id='word_1_241' title='bbox 140 3666 172 3713; x_wconf 91' lang='lat' dir='ltr'>et</span> <span class='ocrx_word' id='word_1_242' title='bbox 206 3664 350 3729; x_wconf 92' lang='lat' dir='ltr'>quantum</span> <span class='ocrx_word' id='word_1_243' title='bbox 385 3642 508 3728; x_wconf 89' lang='lat' dir='ltr'>quisque</span> <span class='ocrx_word' id='word_1_244' title='bbox 545 3652 629 3710; x_wconf 88' lang='lat' dir='ltr'>daret</span> <span class='ocrx_word' id='word_1_245' title='bbox 664 3658 719 3727; x_wconf 77' lang='lat' dir='ltr'>pro</span> <span class='ocrx_word' id='word_1_246' title='bbox 754 3652 939 3710; x_wconf 74' lang='lat' dir='ltr'>facultatibus</span> <span class='ocrx_word' id='word_1_247' title='bbox 974 3653 1147 3725; x_wconf 75' lang='lat' dir='ltr'>imperabat.</span> 
     </span>
     <span class='ocr_line' id='line_1_33' title="bbox 140 3755 1147 3835; baseline -0.007 -17"><span class='ocrx_word' id='word_1_248' title='bbox 140 3762 279 3835; x_wconf 89' lang='lat' dir='ltr'>Eamque</span> <span class='ocrx_word' id='word_1_249' title='bbox 308 3777 452 3817; x_wconf 90' lang='lat' dir='ltr'>summam</span> <span class='ocrx_word' id='word_1_250' title='bbox 481 3776 549 3814; x_wconf 91' lang='lat' dir='ltr'>cum</span> <span class='ocrx_word' id='word_1_251' title='bbox 579 3758 703 3827; x_wconf 78' lang='lat' dir='ltr'>lecerat,</span> <span class='ocrx_word' id='word_1_252' title='bbox 734 3757 832 3831; x_wconf 91' lang='lat' dir='ltr'>potius</span> <span class='ocrx_word' id='word_1_253' title='bbox 861 3774 950 3831; x_wconf 89' lang='lat' dir='ltr'>quam</span> <span class='ocrx_word' id='word_1_254' title='bbox 979 3758 1041 3829; x_wconf 91' lang='lat' dir='ltr'>ipse</span> <span class='ocrx_word' id='word_1_255' title='bbox 1070 3755 1147 3811; x_wconf 90' lang='lat' dir='ltr'>acci-</span> 
     </span>
    </p>
   </div>
   <div class='ocr_carea' id='block_1_4' title="bbox 0 0 1414 4250">
    <p class='ocr_par' dir='ltr' id='par_1_6' title="bbox 0 0 1414 4250">
     <span class='ocr_line' id='line_1_34' title="bbox 0 0 1414 4250; baseline 0 0"><span class='ocrx_word' id='word_1_256' title='bbox 0 0 1414 4250; x_wconf 95' lang='lat' dir='ltr'> </span> 
     </span>
    </p>
   </div>
  </div>
 </body>
</html>
