2817 4250
245 333 306 396 134
533 328 703 378 coanuuu
727 326 874 377 uurorrs
897 325 1004 377 vrras
1213 322 1286 388 [ιιιι.

291 518 379 575 quem
404 501 488 559 initia
510 510 540 558 et
560 501 624 575 ipse
647 510 677 559 et
698 499 809 558 medici
829 501 1091 573 contempserunt,
1120 516 1188 555 nam
1210 503 1287 572 puta·
1383 517 1384 520 ¹

291 616 358 663 runt
379 624 442 664 esse
464 611 629 678 tenesmon,
651 611 700 663 cui
720 605 852 664 remedia
876 605 984 662 celeria
1008 605 1163 679 faciliaque
1185 608 1288 679 prepa-

290 712 443 771 nebantur.
486 713 522 770 In
549 713 608 770 hoc
636 730 705 769 cum
734 716 794 770 tres
817 714 934 770 menses
959 711 1020 769 sine
1044 710 1110 768 allis
1133 709 1289 781 dolaribus,

291 828 496 893 praeterquam
527 822 602 893 ques
634 835 671 875 ex
698 818 849 876 caratiane
878 817 1024 891 capiebat,
1052 815 1288 891 censampsisset,

255 943 265 990 5
291 924 388 982 subite
415 934 497 982 tanta
523 930 565 982 vis
593 924 689 982 morbi
716 923 748 980 in
775 929 868 980 imum
896 922 1067 987 intestinum
1096 922 1237 996 prerapit,
1262 931 1290 978 ut

292 1033 424 1088 extrema
463 1038 598 1104 tempore
634 1047 688 1104 per
723 1028 839 1087 lumbes
873 1028 987 1087 fistulae
1022 1027 1103 1102 paris
1137 1027 1289 1102 ereperint.

291 1137 388 1209 Atque
424 1135 482 1193 hec
517 1136 686 1210 priusquam
722 1141 750 1192 ei
783 1133 942 1205 accideret,
973 1142 1131 1208 postquam
1166 1134 1196 1191 in
1229 1133 1290 1192 dies

292 1241 410 1299 doleres
438 1245 608 1299 accrescere
637 1241 793 1314 febresque
820 1239 980 1298 accessisse
1007 1239 1107 1311 sensit,
1133 1239 1290 1314 Agrippam

291 1365 432 1423 generum
461 1347 500 1405 ad
527 1352 560 1405 se
587 1352 695 1405 arcessi
723 1345 805 1404 iussit
833 1355 863 1404 et
891 1364 960 1403 cum
992 1350 1029 1403 ea
1062 1347 1095 1402 L.
1124 1345 1291 1403 Cornelium

244 1477 271 1508 10
293 1454 417 1512 Balbum
449 1454 629 1528 Sextumque
660 1451 859 1510 Peducaeum.
916 1453 984 1510 Hes
1010 1461 1043 1508 ut
1071 1451 1184 1509 venisse
1212 1450 1290 1520 vidit,

294 1555 323 1612 iu
351 1556 483 1615 cubitum
512 1557 627 1614 innixus
651 1557 858 1628 “Quantam”
886 1557 987 1630 inquit,
1014 1561 1143 1615 “curam
1171 1557 1291 1632 dssigen-

292 1664 422 1738 tiamque
461 1664 492 1721 in
528 1662 697 1721 valetudine
736 1668 804 1720 mea
837 1661 948 1720 tuenda
981 1662 1039 1720 hac
1074 1672 1208 1737 tempore
1242 1661 1291 1720 ad-

292 1769 445 1840 hibuerim,
481 1787 549 1826 cum
588 1774 641 1827 ves
678 1772 768 1826 testes
806 1767 942 1838 habeam,
981 1768 1053 1825 nihil
1090 1785 1213 1826 necesse
1251 1777 1293 1826 est

292 1876 421 1950 pleribus
441 1876 537 1933 verbis
559 1880 802 1932 commemorare.
845 1874 960 1947 Quibus
981 1874 1131 1950 quoniam,
1144 1884 1177 1933 ut
1198 1879 1292 1949 spero,

243 2006 268 2054 ις
291 1981 432 2051 satisfeci,
455 1984 503 2038 me
524 1979 595 2037 nihil
619 1980 724 2054 reliqui
749 1979 868 2049 fecisse,
888 1978 970 2053 quod
996 1978 1033 2036 ad
1059 1980 1221 2038 sanandum
1248 1985 1293 2037 me

292 2087 461 2163 pertineret,
490 2087 635 2161 reliquum
663 2096 708 2145 est
735 2095 768 2145 ut
796 2095 915 2162 egomet
944 2085 1015 2144 mihi
1043 2087 1205 2145 causulam.
1259 2085 1293 2144 Id

292 2198 344 2253 ves
370 2198 504 2269 ignerare
535 2194 616 2250 nolui
627 2214 635 2265 ;
674 2211 744 2250 nam
774 2192 845 2249 mihi
877 2201 934 2250 stat
966 2193 1044 2250 alere
1075 2194 1212 2251 morbum
1243 2194 1293 2251 de-

292 2300 397 2358 sinere.
453 2300 591 2374 Namque
626 2299 670 2357 bis
701 2298 807 2357 diebus
842 2297 986 2373 quidquid
1019 2299 1078 2356 cibi
1107 2304 1227 2373 sampsi,
1256 2300 1293 2355 ita

291 2405 419 2481 predari
442 2412 542 2477 vitam,
564 2414 596 2463 ut
620 2405 752 2462 auxerim
778 2404 895 2462 doleres
919 2404 982 2461 sine
1003 2408 1056 2479 spe
1078 2405 1184 2462 saletis.
1229 2405 1293 2477 Qua

241 2538 271 2571 ιο
293 2516 324 2570 re
351 2517 370 2569 a
396 2512 479 2570 vebis
507 2516 588 2586 pete,
616 2517 744 2585 primum
772 2520 804 2567 ut
836 2509 989 2567 censilium
1022 2510 1154 2584 probetis
1185 2528 1291 2581 meum,

332 2725 431 2782 XXII.
461 2725 529 2781 Hae
550 2723 683 2781 eratiene
703 2722 804 2779 habita
822 2727 903 2780 tauta
922 2722 1089 2780 canstantia
1106 2722 1187 2780 vacis
1207 2732 1292 2796 atque

292 2831 397 2902 vultas,
418 2839 450 2886 ut
471 2834 533 2886 nen
554 2846 590 2885 ex
609 2834 677 2899 vita,
699 2826 753 2885 sed
775 2846 812 2885 ex
833 2827 926 2885 dome
947 2827 977 2885 in
999 2826 1121 2885 domum
1147 2826 1293 2885 videretur

293 2938 428 3012 migrare,
453 2953 520 2991 cum
546 2933 668 3008 quidem
693 2911 825 3009 Agrippa
849 2951 917 2991 eum
942 2934 1015 2992 flens
1043 2944 1133 3008 atque
1161 2934 1292 2992 esculans

242 3066 269 3113 ²5
293 3048 389 3101 erraret
416 3051 504 3116 atque
532 3039 701 3099 obsecraret
733 3044 771 3097 ne
797 3039 828 3097 id
853 3038 933 3114 quod
959 3044 1062 3097 natata
1086 3044 1208 3115 cegeret
1231 3040 1291 3114 ipse

293 3166 412 3224 quoque
440 3147 496 3205 sibi
524 3146 711 3216 acceleraret,
733 3155 773 3217 et,
794 3134 935 3219 quoniam
964 3155 1026 3203 tum
1040 3164 1170 3221 quoque
1195 3155 1292 3221 posset

294 3254 475 3329 temporibus
507 3269 669 3328 superesse,
698 3256 730 3309 se
762 3251 817 3310 sibi
847 3257 964 3325 suisque
987 3257 1164 3323 reservaret,
1193 3256 1292 3327 preces

293 3361 356 3418 eius
388 3360 533 3417 taciturna
565 3363 617 3415 sua
648 3357 845 3415 obstinatione
874 3356 1027 3432 depressit.
1078 3358 1124 3416 Sic
1152 3374 1221 3415 cum
1252 3358 1291 3415 bi·
1381 3350 1382 3359 ³

294 3466 385 3524 duum
408 3465 476 3523 cibe
499 3468 530 3522 se
551 3462 746 3533 abstinuisset,
768 3462 865 3521 subite
888 3462 976 3521 febris
997 3462 1125 3521 decessit
1146 3462 1291 3537 leviorque

243 3597 272 3643 30
294 3571 414 3629 morbus
448 3587 511 3627 esse
547 3569 656 3644 coepit.
711 3570 826 3626 Tamen
862 3569 1046 3643 prepositum
1081 3568 1173 3627 nihile
1209 3569 1291 3628 setius
1381 3602 1382 3651 l

294 3677 407 3752 peregit
431 3676 530 3748 itaque
554 3674 603 3733 die
628 3679 732 3748 quinte
764 3684 921 3749 postquam
947 3673 977 3732 id
1003 3675 1158 3733 cansilium
1183 3676 1290 3745 inierat,

293 3782 388 3856 pridie
428 3780 492 3837 Kal.
529 3780 642 3855 Apriles
681 3780 736 3838 Cn.
773 3780 906 3837 Domitia
942 3781 977 3839 C.
1011 3781 1094 3839 Sesia
1129 3782 1291 3840 censulibus
1381 3808 1382 3813 1
