2817 4250
87 280 92 286 .
132 317 316 384 xv11.‚xvr1r.]
591 319 737 369 AITICUS
1130 325 1186 388 131

132 491 269 550 iiidicare
294 491 413 550 difficile
437 492 475 550 sit
502 497 551 550 cui
577 497 668 550 aetati
695 491 783 550 suerit
809 485 985 566 aptIssimus.
1028 492 1139 565 Quam-

132 615 226 673 quam
252 616 321 655 eum
346 597 505 673 praecipu'e'
530 596 631 656 dilaxit
656 596 773 669 Cicero,
795 606 828 654 ut
852 601 890 655 na
911 597 998 656 frater
1019 596 1140 672 quidem

133 709 163 763 ei
200 704 330 777 Quintus
362 703 458 761 carior
491 702 578 760 fuerit
609 711 660 761 aut
694 702 870 761 familiarior.
926 703 964 761 Ei
997 709 1040 760 rei
1074 712 1142 760 sunt

133 809 249 868 indicia
277 818 393 884 praeter
421 813 473 866 eas
501 809 590 867 libros
627 809 660 866 in
686 808 793 884 quibus
822 808 862 866 da
889 807 926 867 εδ
957 807 1027 866 facit
1060 826 1140 867 men-

133 916 259 987 tionem,
298 920 349 989 qui
386 915 417 973 in
453 915 558 990 vulgus
594 923 663 973 sunt
700 914 783 986 aditi,
822 913 953 973 sadecim
994 914 1177 984 vohiminas

134 1020 337 1095 epistularum,
359 1020 398 1079 ab
424 1021 578 1079 consulatir
606 1021 668 1078 aius
695 1037 789 1095 usque
814 1019 853 1078 ad
878 1023 1042 1078 extramum
1066 1031 1141 1078 tem-

133 1145 192 1202 pus
217 1126 256 1184 ad
281 1126 413 1184 Atticum
438 1132 592 1185 missarum
603 1147 612 1199 ;
640 1144 717 1202 quae
742 1132 794 1202 qui
820 1127 907 1202 legat,
929 1131 990 1184 nan
1018 1127 1142 1184 multum

135 1231 288 1290 dissideret
324 1232 476 1290 historiam
515 1242 685 1291 contextam
724 1237 825 1291 earum
862 1243 1040 1307 temporum.
1068 1243 1070 1248 '
1095 1233 1142 1291 Sic

135 1338 218 1395 enim
246 1337 347 1397 omnia
371 1337 411 1396 da
438 1337 541 1396 studiis
565 1339 742 1414 principum,
763 1339 840 1396 vitiis
864 1336 984 1409 ducum,
1006 1338 1142 1396 minatio-

134 1443 224 1502 nibus
252 1449 294 1500 rei
321 1443 458 1518 priblioae
486 1451 652 1519 perscripta
679 1454 756 1516 sunt,
784 1453 817 1502 ut
844 1443 923 1506 nihil,
947 1445 977 1501 in
1009 1450 1051 1501 eis
1082 1448 1143 1501 nan
1168 1471 1194 1501 ιο

135 1555 281 1625 appareat
307 1559 339 1607 et
366 1549 452 1607 facile
479 1550 638 1608 existimari
668 1550 762 1624 possit
791 1548 980 1624 prudentiam
1011 1548 1143 1623 quadam
1236 1540 1238 1544 ’

135 1656 232 1714 modo
259 1674 324 1714 esse
351 1655 574 1714 divinatirinem.
629 1656 698 1713 Nan
729 1655 807 1713 enim
836 1656 944 1714 Cicero
972 1674 1019 1732 ea¹
1039 1657 1143 1727 solum,

135 1780 215 1837 quae
236 1767 303 1819 vivi>
324 1766 357 1820 si
378 1761 559 1832 acciderunt,
579 1762 675 1837 sutiira
694 1761 847 1835 praedixit,
871 1761 925 1820 sed
946 1761 1045 1833 etiam,
1067 1779 1144 1835 quae

135 1886 218 1925 nunc
238 1872 292 1925 tisri
313 1868 443 1938 veniunt,
461 1867 571 1925 cecinit
590 1877 623 1924 ut
642 1871 733 1925 vatas

178 1973 277 2030 XVII.
307 1974 354 2030 Da
378 1973 490 2047 pietate
513 1982 612 2030 autem
636 1973 728 2030 Attici
752 1971 824 2046 quid
850 1973 934 2047 plara
961 1987 1143 2031 commemo·
1168 1994 1193 2040 ις

136 2080 224 2139 rem?
278 2078 356 2138 Cum
393 2078 451 2137 hoc
489 2079 587 2154 ipsum
621 2082 691 2137 vara
726 2079 901 2154 gloriantem
934 2078 1079 2137 audierim
1114 2080 1144 2137 in

136 2161 247 2244 fimere
282 2186 382 2244 matris
417 2204 496 2256 suae,
531 2203 620 2260 quam
656 2185 760 2243 extulit
793 2190 937 2243 annamm
975 2186 1143 2261 nimaginta,

137 2310 209 2349 cum
236 2291 301 2366 ipse
330 2301 408 2349 esset
435 2301 551 2366 septem
577 2301 608 2349 et
635 2290 796 2366 sexaginta,
824 2295 856 2349 sa
883 2309 1044 2367 numquam
1075 2310 1143 2349 cum

136 2403 233 2455 matre
264 2397 296 2454 in
326 2397 450 2471 gratiam
482 2397 602 2469 redisse,
630 2415 793 2471 numquam
824 2414 893 2454 cum
925 2401 1024 2455 sortire
1056 2398 1144 2457 fuisse

137 2504 170 2560 in
198 2502 355 2580 simultate,
378 2520 467 2577 quam
494 2520 589 2577 prope
616 2502 772 2578 aequalem
801 2501 939 2562 habebat.
981 2503 1072 2576 Quod
1099 2514 1144 2563 est
1166 2528 1195 2559 ιο

137 2614 256 2684 signum
283 2618 334 2665 aut
361 2608 471 2666 millam
499 2626 641 2683 umquam
668 2609 746 2665 Inter
773 2613 826 2667 eos
854 2609 1069 2683 querimoniam
1099 2610 1143 2667 in-

136 2715 319 2786 tercessisse,
347 2725 397 2772 aut
425 2715 504 2772 hunc
531 2720 568 2773 ea
598 2714 685 2772 fuisse
718 2714 749 2771 in
779 2720 847 2773 suas
882 2714 1073 2791 indulgentia,
1101 2727 1143 2789 ut,

137 2826 215 2896 quas
244 2826 341 2878 amare
370 2820 503 2893 dabaret,
525 2826 610 2878 irasci
625 2826 668 2877 eis
691 2819 779 2878 nefas
804 2819 936 2879 diceret.
979 2822 1085 2897 Neque
1113 2822 1144 2880 id

138 2925 217 2984 facit
244 2930 348 2984 natira
376 2926 482 2997 solum,
511 2897 691 3000 quamquam
723 2929 827 2983 omnis
859 2932 886 2984 ei
916 2931 1062 3001 paramus,
1091 2928 1144 2988 sed

138 3032 230 3089 etiam
258 3031 394 3089 doctrina
405 3052 413 3102 ;
444 3049 514 3088 nam
542 3031 709 3105 principum
739 3031 984 3107 philosophorum
1010 3033 1052 3091 ita
1079 3052 1144 3108 per·
1168 3058 1194 3105 25

137 3146 229 3212 cepta
249 3136 352 3195 habuit
372 3146 542 3212 praecepta,
563 3146 596 3194 ut
608 3143 650 3195 eis
676 3136 714 3194 ad
735 3142 824 3196 vitam
846 3137 1002 3214 agendam,
1024 3144 1086 3197 non
1106 3140 1145 3198 ad

137 3242 371 3301 ostentatianem
391 3247 531 3301 uteretur.

178 3349 297 3407 XVIII.
327 3348 421 3406 Moris
460 3348 550 3406 etiam
585 3349 728 3424 maiarum
764 3366 895 3407 summus
928 3350 1059 3410 imitator
1092 3351 1147 3410 fuit

137 3454 381 3529 antiquitatisque
408 3459 530 3525 amator,
558 3472 648 3528 quam
675 3454 754 3512 adca
781 3452 939 3530 diligenter
965 3456 1068 3515 habuit
1095 3463 1145 3517 ca-

136 3560 263 3635 gnitam,
291 3568 326 3616 ut
352 3577 418 3617 eam
446 3565 539 3617 totam
569 3559 601 3616 in
632 3564 668 3617 ea
699 3560 849 3618 volamine
882 3562 1058 3636 exposuerit,
1086 3570 1148 3638 qua
1170 3592 1198 3637 30

136 3666 328 3742 magistratris
352 3664 506 3724 ardinavit.
553 3665 641 3722 Nrilla
664 3665 744 3723 enim
769 3666 817 3724 lax
840 3684 937 3742 neque
965 3674 1023 3744 pax
1050 3688 1147 3747 neque

137 3772 251 3831 bellum
277 3789 375 3847 neque
400 3776 446 3830 ras
468 3771 596 3829 inlirstris
621 3780 665 3829 est
689 3773 794 3847 populi
822 3774 960 3847 Ramani,
983 3794 1060 3850 quae
1087 3780 1147 3833 nan
