2817 4250
237 318 278 395 36
527 325 695 376 cortuum
719 326 868 377 naeuus
890 327 998 376 viras
1240 327 1292 390 [ιι.

286 499 355 558 dem
380 499 550 572 sustulisset,
571 498 643 557 nihil
669 505 771 558 earum
795 505 892 558 rcrum
916 501 980 559 fore
1002 511 1106 573 ratum,
1129 505 1204 576 quas
1227 500 1294 574 ipse

286 606 407 664 Athenis
434 605 651 679 constituissem
683 611 742 678 qua
765 610 806 679 re,
829 613 852 664 si
876 613 942 666 sutis
970 613 1017 666 res
1045 614 1142 684 gestas
1172 613 1294 665 manere

285 711 382 783 vellet,
410 711 490 770 illum
518 716 753 787 persequeretur.
809 712 866 768 His
895 712 975 768 Laco
1002 711 1090 770 rebus
1121 715 1293 769 commotus

286 818 386 876 statuit
413 817 577 876 accuratius
605 817 659 876 sibi
687 817 837 892 agendum
864 834 933 873 cum
962 814 1160 874 Phamabizo.
1208 818 1293 874 Huic

250 945 261 992 ς
286 928 356 997 ergo
390 923 537 981 renuntiat
570 941 645 997 quae
674 927 736 997 rigi
763 940 831 979 cum
861 920 1107 980 Lacedaemoniis
1135 923 1293 981 convenis-

286 1039 361 1100 sent,
383 1029 438 1087 nisi
461 1028 646 1088 Alcibiadem
671 1034 768 1086 vivum
792 1037 842 1085 aut
863 1038 1012 1085 mortuum
1033 1028 1088 1087 sibi
1109 1027 1293 1085 tradidisset.

287 1136 358 1192 Non
383 1135 448 1192 tulit
472 1135 530 1192 hoc
555 1139 685 1208 satrapes
711 1143 742 1191 et
762 1133 871 1191 violare
892 1134 1082 1192 clementiam
1102 1151 1193 1209 quam
1215 1134 1295 1208 regis

286 1245 360 1315 opes
381 1242 473 1298 minui
494 1241 605 1298 maluit.

328 1348 432 1421 Itaque
461 1346 538 1403 misit
566 1345 767 1404 Susamithren
795 1355 826 1402 et
856 1346 1003 1420 Bagaeum
1037 1345 1075 1402 ad
1103 1343 1294 1404 Alcibiadem

239 1481 265 1511 ιο
286 1452 533 1523 interficiendum,
572 1470 640 1509 cum
679 1451 727 1508 ille
766 1460 843 1508 esset
877 1451 908 1508 iu
943 1450 1068 1526 Phrygia
1102 1451 1216 1525 iterque
1251 1449 1294 1508 ad

287 1562 387 1632 regem
418 1563 612 1632 compariret.
669 1559 753 1614 Missi
773 1557 859 1613 clam
890 1557 1040 1628 vicinitati,
1069 1557 1101 1614 in
1135 1563 1194 1630 qua
1229 1566 1295 1615 tum
1393 1630 1394 1637 ἵ

287 1663 455 1722 Alcibiades
484 1673 555 1735 erat,
580 1662 652 1721 dant
679 1663 830 1736 negotium
859 1672 891 1720 ut
919 1680 988 1720 eum
1015 1663 1202 1721 interficiant.
1247 1663 1296 1719 Illi

287 1788 355 1827 cum
381 1770 457 1827 ferro
481 1762 602 1844 aggredi
624 1774 684 1826 non
712 1766 865 1839 auderent,
887 1773 978 1826 noctu
1002 1769 1080 1843 ligna
1104 1769 1297 1826 contulcrunt

287 1876 366 1933 circa
386 1893 485 1933 casam
508 1893 583 1946 eam,
605 1875 635 1931 in
657 1880 716 1948 quai
740 1874 921 1949 quieschat,
943 1891 1038 1947 eaque
1063 1874 1296 1944 succendetunt,

239 2005 263 2052 ις
288 1991 320 2039 ut
344 1981 484 2038 incendio
509 1981 700 2052 conficerent,
723 1997 812 2054 quern
837 1984 926 2037 mami
950 1985 1080 2054 superari
1101 1997 1187 2054 posse
1211 1979 1295 2036 dilii-

287 2087 407 2146 debant.
451 2087 504 2145 ille
530 2096 630 2144 autem
654 2095 687 2144 ut
712 2085 810 2144 sonitu
835 2085 971 2143 flammae
997 2095 1041 2144 est
1062 2086 1216 2157 excitatus,
1240 2091 1297 2143 etsi
1392 2155 1393 2158 Ἴ

287 2193 401 2268 gladius
430 2199 457 2250 ei
483 2203 546 2250 erat
577 2192 750 2262 subductus,
779 2191 927 2249 familiaris
957 2198 1001 2249 sui
1032 2192 1165 2251 subalare
1200 2192 1296 2250 talum
1392 2175 1393 2232 ]

288 2299 402 2374 eripuit.
446 2299 583 2373 Namque
606 2308 668 2355 erat
688 2316 758 2354 cum
779 2302 817 2354 eb
834 2297 956 2371 quidam
976 2315 1013 2354 ex
1029 2297 1157 2355 Arcadia
1173 2297 1296 2372 hospes,
1392 2341 1393 2344 η

287 2412 338 2479 qui
362 2422 523 2479 numquam
552 2403 707 2462 discidere
735 2404 876 2461 voluerat.
919 2404 1011 2461 Hunc
1039 2409 1123 2477 sequi
1150 2408 1182 2460 se
1211 2403 1297 2461 iubet
1392 2389 1393 2404 ¹

237 2538 266 2569 20
288 2522 317 2569 et
342 2512 374 2569 id
399 2510 481 2584 quod
502 2510 532 2568 in
553 2510 719 2585 praesentia
738 2514 979 2567 vestimentbmm
1000 2509 1054 2566 fuit
1075 2509 1191 2583 adripit
1237 2510 1297 2566 His

288 2618 318 2674 in
342 2624 440 2691 ignem
466 2616 609 2673 coniectis
634 2615 771 2672 flammae
798 2615 858 2672 vim
884 2615 1005 2672 transiit.
1047 2615 1146 2688 Quem
1170 2625 1204 2671 ut
1228 2614 1295 2672 bar-

288 2723 350 2781 bari
388 2722 558 2779 incendium
597 2720 738 2795 effugisse
776 2721 919 2790 viderunt,
951 2720 1017 2777 teus
1050 2720 1164 2777 eminus
1200 2726 1296 2777 missis
1392 2801 1393 2804 Ἴ

288 2829 504 2887 interfecerunt
529 2837 677 2902 caputque
702 2826 766 2884 eius
789 2824 828 2883 ad
858 2825 1078 2884 Pharnabazum
1108 2826 1295 2883 rettulerunt.
1392 2825 1393 2844 ³

287 2939 326 2993 At
354 2934 467 3005 mulier,
496 2952 571 3007 quae
600 2950 669 2990 cum
698 2936 735 2988 eri
762 2937 859 2988 vivere
887 2935 1052 3001 consuerat,
1079 2930 1214 2988 muliebri
1243 2938 1298 2989 sua

237 3067 263 3115 ²5
286 3052 368 3099 veste
406 3044 578 3098 contectum
616 3037 745 3095 aedificii
779 3036 919 3095 incendio
956 3046 1103 3094 mortuum
1140 3038 1296 3107 cremavit,

287 3146 369 3220 quod
394 3144 432 3204 ad
457 3151 553 3202 vivum
580 3142 809 3201 interimendum
835 3150 898 3199 erat
918 3147 1132 3216 comparatum.
1174 3142 1223 3199 Sic
1245 3141 1296 3198 Al-

287 3250 419 3311 cibiades
454 3254 546 3308 annos
581 3249 698 3306 circiter
735 3246 929 3322 quadraginta
969 3252 1055 3304 natus
1096 3245 1177 3304 diem
1220 3247 1298 3305 obiit

287 3363 467 3433 supremum.

326 3466 380 3522 XI.
410 3465 501 3520 Hunc
525 3462 703 3519 infamatum
730 3464 748 3516 ai
772 3459 917 3534 pletisque
939 3463 997 3517 tres
1018 3458 1181 3534 gravissimi
1202 3457 1296 3515 histo-

236 3601 264 3646 30
285 3570 338 3629 rici
369 3574 490 3628 summis
522 3567 657 3626 laudibus
688 3566 872 3623 extulerunt:
908 3565 1109 3636 Thrichides,
1138 3570 1189 3638 qui
1217 3564 1295 3621 eius-

287 3677 357 3735 dem
387 3675 492 3734 aetatis
520 3674 582 3746 fuit,
610 3673 837 3747 Theopompus,
867 3681 935 3746 post
962 3671 1112 3745 aliquanto
1140 3675 1234 3739 natus,
1265 3679 1297 3727 et

285 3785 424 3841 Timaeus
435 3804 444 3854 ;
480 3787 530 3856 qui
561 3779 683 3855 quidem
716 3779 776 3837 duo
805 3776 1076 3835 maledicentissimi
1103 3776 1204 3833 nescio
1233 3780 1296 3849 quo
