<?xml version="1.0" encoding="UTF-8"?>
<!DOCTYPE html PUBLIC "-//W3C//DTD XHTML 1.0 Transitional//EN"
    "http://www.w3.org/TR/xhtml1/DTD/xhtml1-transitional.dtd">
<html xmlns="http://www.w3.org/1999/xhtml" xml:lang="en" lang="en">
 <head>
  <title>
</title>
<meta http-equiv="Content-Type" content="text/html;charset=utf-8" />
  <meta name='ocr-system' content='tesseract 3.04.00' />
  <meta name='ocr-capabilities' content='ocr_page ocr_carea ocr_par ocr_line ocrx_word'/>
</head>
<body>
  <div class='ocr_page' id='page_1' title='image "./corneliinepotis26nepogoog_0059.png"; bbox 0 0 2817 4250; ppageno 0'>
   <div class='ocr_carea' id='block_1_1' title="bbox 113 331 1171 400">
    <p class='ocr_par' dir='ltr' id='par_1_1' title="bbox 113 331 1171 400">
     <span class='ocr_line' id='line_1_1' title="bbox 113 331 1171 400; baseline 0.001 -21"><span class='ocrx_word' id='word_1_1' title='bbox 113 333 178 396; x_wconf 72' lang='lat' dir='ltr'>vlu]</span> <span class='ocrx_word' id='word_1_2' title='bbox 538 331 751 381; x_wconf 82' lang='lat' dir='ltr'><strong>ALCIBIADES</strong></span> <span class='ocrx_word' id='word_1_3' title='bbox 1131 338 1171 400; x_wconf 79' lang='lat'>33</span> 
     </span>
    </p>
   </div>
   <div class='ocr_carea' id='block_1_2' title="bbox 114 504 1170 1110">
    <p class='ocr_par' dir='ltr' id='par_1_2' title="bbox 114 504 1170 1110">
     <span class='ocr_line' id='line_1_2' title="bbox 115 504 1170 587; baseline 0.001 -25"><span class='ocrx_word' id='word_1_4' title='bbox 115 505 249 563; x_wconf 86' lang='lat' dir='ltr'>arbitrari</span> <span class='ocrx_word' id='word_1_5' title='bbox 278 504 473 578; x_wconf 88' lang='lat' dir='ltr'>videbantur;</span> <span class='ocrx_word' id='word_1_6' title='bbox 515 523 585 563; x_wconf 91' lang='lat' dir='ltr'>nam</span> <span class='ocrx_word' id='word_1_7' title='bbox 620 515 777 580; x_wconf 86' lang='lat' dir='ltr'>postquam</span> <span class='ocrx_word' id='word_1_8' title='bbox 814 506 954 563; x_wconf 86' lang='lat' dir='ltr'>exercitui</span> <span class='ocrx_word' id='word_1_9' title='bbox 986 523 1123 580; x_wconf 87' lang='lat' dir='ltr'>praeesse</span> <span class='ocrx_word' id='word_1_10' title='bbox 1168 584 1170 587; x_wconf 22' lang='grc' dir='ltr'>Ι</span> 
     </span>
     <span class='ocr_line' id='line_1_3' title="bbox 114 603 1123 685; baseline 0 -17"><span class='ocrx_word' id='word_1_11' title='bbox 114 622 267 685; x_wconf 89' lang='lat' dir='ltr'>coeperat,</span> <span class='ocrx_word' id='word_1_12' title='bbox 303 629 399 685; x_wconf 90' lang='lat' dir='ltr'>neque</span> <span class='ocrx_word' id='word_1_13' title='bbox 441 617 518 669; x_wconf 90' lang='lat' dir='ltr'>terra</span> <span class='ocrx_word' id='word_1_14' title='bbox 539 603 651 685; x_wconf 51' lang='lat' dir='ltr'>¹neque</span> <span class='ocrx_word' id='word_1_15' title='bbox 691 618 764 668; x_wconf 87' lang='lat' dir='ltr'>mari</span> <span class='ocrx_word' id='word_1_16' title='bbox 799 611 899 670; x_wconf 91' lang='lat' dir='ltr'>hostes</span> <span class='ocrx_word' id='word_1_17' title='bbox 937 616 1022 685; x_wconf 91' lang='lat' dir='ltr'>pares</span> <span class='ocrx_word' id='word_1_18' title='bbox 1059 629 1123 668; x_wconf 87' lang='lat' dir='ltr'>esse</span> 
     </span>
     <span class='ocr_line' id='line_1_4' title="bbox 114 717 1123 792; baseline -0.001 -18"><span class='ocrx_word' id='word_1_19' title='bbox 114 726 283 792; x_wconf 89' lang='lat' dir='ltr'>potuerant.</span> <span class='ocrx_word' id='word_1_20' title='bbox 326 719 386 774; x_wconf 94' lang='lat' dir='ltr'>Hic</span> <span class='ocrx_word' id='word_1_21' title='bbox 407 727 439 774; x_wconf 93' lang='lat' dir='ltr'>ut</span> <span class='ocrx_word' id='word_1_22' title='bbox 460 721 477 774; x_wconf 85' lang='lat' dir='ltr'>e</span> <span class='ocrx_word' id='word_1_23' title='bbox 498 723 565 775; x_wconf 91' lang='lat' dir='ltr'>navi</span> <span class='ocrx_word' id='word_1_24' title='bbox 585 722 717 792; x_wconf 86' lang='lat' dir='ltr'>egressus</span> <span class='ocrx_word' id='word_1_25' title='bbox 738 727 792 788; x_wconf 91' lang='lat' dir='ltr'>est,</span> <span class='ocrx_word' id='word_1_26' title='bbox 811 735 991 792; x_wconf 91' lang='lat' dir='ltr'>quamquam</span> <span class='ocrx_word' id='word_1_27' title='bbox 1012 717 1123 774; x_wconf 88' lang='lat' dir='ltr'>Thera·</span> 
     </span>
     <span class='ocr_line' id='line_1_5' title="bbox 116 822 1123 898; baseline 0 -18"><span class='ocrx_word' id='word_1_28' title='bbox 116 828 219 880; x_wconf 89' lang='lat' dir='ltr'>menes</span> <span class='ocrx_word' id='word_1_29' title='bbox 245 832 275 880; x_wconf 93' lang='lat' dir='ltr'>et</span> <span class='ocrx_word' id='word_1_30' title='bbox 299 823 499 898; x_wconf 79' lang='lat' dir='ltr'>Thrasybalus</span> <span class='ocrx_word' id='word_1_31' title='bbox 515 822 627 881; x_wconf 91' lang='lat' dir='ltr'>eisdem</span> <span class='ocrx_word' id='word_1_32' title='bbox 655 823 743 882; x_wconf 86' lang='lat' dir='ltr'>rebus</span> <span class='ocrx_word' id='word_1_33' title='bbox 767 823 954 897; x_wconf 80' lang='lat' dir='ltr'><strong>praefuerant</strong></span> <span class='ocrx_word' id='word_1_34' title='bbox 978 823 1123 896; x_wconf 90' lang='lat' dir='ltr'>simulque</span> 
     </span>
     <span class='ocr_line' id='line_1_6' title="bbox 114 929 1157 1003; baseline 0.001 -17"><span class='ocrx_word' id='word_1_35' title='bbox 114 934 257 987; x_wconf 89' lang='lat' dir='ltr'>venerant</span> <span class='ocrx_word' id='word_1_36' title='bbox 288 929 318 986; x_wconf 94' lang='lat' dir='ltr'>in</span> <span class='ocrx_word' id='word_1_37' title='bbox 350 931 495 1001; x_wconf 86' lang='lat' dir='ltr'>Piraeum,</span> <span class='ocrx_word' id='word_1_38' title='bbox 524 938 622 988; x_wconf 91' lang='lat' dir='ltr'>tamen</span> <span class='ocrx_word' id='word_1_39' title='bbox 654 934 746 986; x_wconf 81' lang='lat' dir='ltr'>imum</span> <span class='ocrx_word' id='word_1_40' title='bbox 777 934 881 986; x_wconf 89' lang='lat' dir='ltr'>omnes</span> <span class='ocrx_word' id='word_1_41' title='bbox 913 929 992 986; x_wconf 92' lang='lat' dir='ltr'>illum</span> <span class='ocrx_word' id='word_1_42' title='bbox 1023 934 1122 1003; x_wconf 79' lang='lat' dir='ltr'>prese·</span> <span class='ocrx_word' id='word_1_43' title='bbox 1145 955 1157 1002; x_wconf 72' lang='grc' dir='ltr'><strong>ς</strong></span> 
     </span>
     <span class='ocr_line' id='line_1_7' title="bbox 114 1034 1124 1110; baseline -0.001 -18"><span class='ocrx_word' id='word_1_44' title='bbox 114 1036 293 1110; x_wconf 86' lang='lat' dir='ltr'>quebantur,</span> <span class='ocrx_word' id='word_1_45' title='bbox 329 1045 367 1107; x_wconf 93' lang='lat' dir='ltr'>et,</span> <span class='ocrx_word' id='word_1_46' title='bbox 402 1034 434 1092; x_wconf 94' lang='lat' dir='ltr'>id</span> <span class='ocrx_word' id='word_1_47' title='bbox 469 1034 551 1109; x_wconf 94' lang='lat' dir='ltr'>quod</span> <span class='ocrx_word' id='word_1_48' title='bbox 589 1053 751 1109; x_wconf 87' lang='lat' dir='ltr'>numquam</span> <span class='ocrx_word' id='word_1_49' title='bbox 787 1041 874 1092; x_wconf 91' lang='lat' dir='ltr'>antea</span> <span class='ocrx_word' id='word_1_50' title='bbox 911 1040 965 1093; x_wconf 81' lang='lat' dir='ltr'>asir</span> <span class='ocrx_word' id='word_1_51' title='bbox 1003 1039 1124 1092; x_wconf 88' lang='lat' dir='ltr'>venerat</span> 
     </span>
    </p>
   </div>
   <div class='ocr_carea' id='block_1_3' title="bbox 115 1128 1124 1216">
    <p class='ocr_par' dir='ltr' id='par_1_3' title="bbox 115 1128 1124 1216">
     <span class='ocr_line' id='line_1_8' title="bbox 115 1128 1124 1216; baseline 0.001 -19"><span class='ocrx_word' id='word_1_52' title='bbox 115 1141 171 1198; x_wconf 92' lang='lat' dir='ltr'>nisi</span> <span class='ocrx_word' id='word_1_53' title='bbox 200 1140 358 1216; x_wconf 84' lang='lat' dir='ltr'>Olympiae</span> <span class='ocrx_word' id='word_1_54' title='bbox 383 1140 551 1212; x_wconf 75' lang='lat' dir='ltr'>victeribuS,</span> <span class='ocrx_word' id='word_1_55' title='bbox 576 1146 692 1213; x_wconf 79' lang='lat' dir='ltr'>corenis</span> <span class='ocrx_word' id='word_1_56' title='bbox 717 1128 824 1198; x_wconf 82' lang='lat' dir='ltr'>laureis</span> <span class='ocrx_word' id='word_1_57' title='bbox 847 1142 1009 1216; x_wconf 81' lang='lat' dir='ltr'>taeniisque</span> <span class='ocrx_word' id='word_1_58' title='bbox 1036 1141 1124 1216; x_wconf 79' lang='lat' dir='ltr'>vulga</span> 
     </span>
    </p>
   </div>
   <div class='ocr_carea' id='block_1_4' title="bbox 116 1245 1177 3862">
    <p class='ocr_par' dir='ltr' id='par_1_4' title="bbox 116 1245 1176 1542">
     <span class='ocr_line' id='line_1_9' title="bbox 116 1245 1124 1305; baseline 0 -1"><span class='ocrx_word' id='word_1_59' title='bbox 116 1245 293 1305; x_wconf 77' lang='lat' dir='ltr'>denabatur.</span> <span class='ocrx_word' id='word_1_60' title='bbox 350 1247 402 1305; x_wconf 94' lang='lat' dir='ltr'>Ille</span> <span class='ocrx_word' id='word_1_61' title='bbox 434 1247 589 1305; x_wconf 89' lang='lat' dir='ltr'>lacrimans</span> <span class='ocrx_word' id='word_1_62' title='bbox 621 1247 711 1304; x_wconf 90' lang='lat' dir='ltr'>talem</span> <span class='ocrx_word' id='word_1_63' title='bbox 743 1247 980 1305; x_wconf 86' lang='lat' dir='ltr'>benevolentiam</span> <span class='ocrx_word' id='word_1_64' title='bbox 1016 1247 1124 1304; x_wconf 89' lang='lat' dir='ltr'>civium</span> 
     </span>
     <span class='ocr_line' id='line_1_10' title="bbox 116 1352 1123 1428; baseline -0.001 -18"><span class='ocrx_word' id='word_1_65' title='bbox 116 1358 237 1410; x_wconf 78' lang='lat' dir='ltr'>suerum</span> <span class='ocrx_word' id='word_1_66' title='bbox 265 1352 442 1428; x_wconf 73' lang='lat' dir='ltr'>accipiebat,</span> <span class='ocrx_word' id='word_1_67' title='bbox 470 1353 661 1411; x_wconf 86' lang='lat' dir='ltr'>reminiscens</span> <span class='ocrx_word' id='word_1_68' title='bbox 688 1353 803 1427; x_wconf 88' lang='lat' dir='ltr'>pristini</span> <span class='ocrx_word' id='word_1_69' title='bbox 834 1353 976 1428; x_wconf 90' lang='lat' dir='ltr'>temporis</span> <span class='ocrx_word' id='word_1_70' title='bbox 1012 1353 1123 1412; x_wconf 88' lang='lat' dir='ltr'>acerbi-</span> 
     </span>
     <span class='ocr_line' id='line_1_11' title="bbox 117 1464 1176 1542; baseline 0.004 -26"><span class='ocrx_word' id='word_1_71' title='bbox 117 1464 219 1517; x_wconf 67' lang='grc' dir='ltr'>ῒᾶῐθῐῦ.</span> <span class='ocrx_word' id='word_1_72' title='bbox 295 1529 301 1542; x_wconf 35' lang='grc'>1</span> <span class='ocrx_word' id='word_1_73' title='bbox 1150 1492 1176 1522; x_wconf 85' lang='lat' dir='ltr'>to</span> 
     </span>
    </p>

    <p class='ocr_par' dir='ltr' id='par_1_5' title="bbox 116 1563 1174 2489">
     <span class='ocr_line' id='line_1_12' title="bbox 157 1563 1126 1639; baseline -0.001 -17"><span class='ocrx_word' id='word_1_74' title='bbox 157 1567 319 1639; x_wconf 88' lang='lat' dir='ltr'>Postquam</span> <span class='ocrx_word' id='word_1_75' title='bbox 348 1565 378 1622; x_wconf 92' lang='lat' dir='ltr'>in</span> <span class='ocrx_word' id='word_1_76' title='bbox 407 1570 472 1622; x_wconf 82' lang='lat' dir='ltr'>astri</span> <span class='ocrx_word' id='word_1_77' title='bbox 498 1565 587 1637; x_wconf 92' lang='lat' dir='ltr'>venit,</span> <span class='ocrx_word' id='word_1_78' title='bbox 616 1565 756 1622; x_wconf 78' lang='lat' dir='ltr'>centiene</span> <span class='ocrx_word' id='word_1_79' title='bbox 785 1563 930 1622; x_wconf 90' lang='lat' dir='ltr'>advocata</span> <span class='ocrx_word' id='word_1_80' title='bbox 957 1571 998 1621; x_wconf 94' lang='lat' dir='ltr'>sic</span> <span class='ocrx_word' id='word_1_81' title='bbox 1035 1565 1126 1623; x_wconf 88' lang='lat' dir='ltr'>verba</span> 
     </span>
     <span class='ocr_line' id='line_1_13' title="bbox 117 1669 1126 1744; baseline -0.001 -17"><span class='ocrx_word' id='word_1_82' title='bbox 117 1669 203 1742; x_wconf 82' lang='lat' dir='ltr'>fecit,</span> <span class='ocrx_word' id='word_1_83' title='bbox 229 1669 274 1727; x_wconf 95' lang='lat' dir='ltr'>ut&#39;</span> <span class='ocrx_word' id='word_1_84' title='bbox 289 1675 379 1728; x_wconf 79' lang='lat' dir='ltr'>neme</span> <span class='ocrx_word' id='word_1_85' title='bbox 407 1681 468 1727; x_wconf 86' lang='lat' dir='ltr'>tam</span> <span class='ocrx_word' id='word_1_86' title='bbox 496 1671 572 1728; x_wconf 86' lang='lat' dir='ltr'>serus</span> <span class='ocrx_word' id='word_1_87' title='bbox 601 1670 688 1727; x_wconf 85' lang='lat' dir='ltr'>fuerit</span> <span class='ocrx_word' id='word_1_88' title='bbox 715 1677 787 1744; x_wconf 92' lang='lat' dir='ltr'>quin</span> <span class='ocrx_word' id='word_1_89' title='bbox 814 1670 876 1727; x_wconf 91' lang='lat' dir='ltr'>eius</span> <span class='ocrx_word' id='word_1_90' title='bbox 905 1676 985 1727; x_wconf 90' lang='lat' dir='ltr'>casui</span> <span class='ocrx_word' id='word_1_91' title='bbox 1012 1670 1126 1728; x_wconf 88' lang='lat' dir='ltr'>inlacri-</span> 
     </span>
     <span class='ocr_line' id='line_1_14' title="bbox 117 1775 1126 1851; baseline -0.001 -17"><span class='ocrx_word' id='word_1_92' title='bbox 117 1776 204 1834; x_wconf 88' lang='lat' dir='ltr'>marit</span> <span class='ocrx_word' id='word_1_93' title='bbox 229 1776 440 1850; x_wconf 87' lang='lat' dir='ltr'>inimicumque</span> <span class='ocrx_word' id='word_1_94' title='bbox 457 1783 499 1834; x_wconf 92' lang='lat' dir='ltr'>eis</span> <span class='ocrx_word' id='word_1_95' title='bbox 523 1780 555 1833; x_wconf 90' lang='lat' dir='ltr'>se</span> <span class='ocrx_word' id='word_1_96' title='bbox 580 1775 744 1833; x_wconf 88' lang='lat' dir='ltr'>ostenderit</span> <span class='ocrx_word' id='word_1_97' title='bbox 768 1781 894 1851; x_wconf 80' lang='lat' dir='ltr'>querum</span> <span class='ocrx_word' id='word_1_98' title='bbox 920 1782 1012 1849; x_wconf 90' lang='lat' dir='ltr'>opera</span> <span class='ocrx_word' id='word_1_99' title='bbox 1032 1776 1126 1850; x_wconf 87' lang='lat' dir='ltr'>patria</span> 
     </span>
     <span class='ocr_line' id='line_1_15' title="bbox 116 1861 1124 1957; baseline -0.001 -18"><span class='ocrx_word' id='word_1_100' title='bbox 116 1883 219 1957; x_wconf 89' lang='lat' dir='ltr'>pulsus</span> <span class='ocrx_word' id='word_1_101' title='bbox 248 1882 351 1953; x_wconf 85' lang='lat' dir='ltr'>fuerat,</span> <span class='ocrx_word' id='word_1_102' title='bbox 376 1881 501 1956; x_wconf 89' lang='lat' dir='ltr'>proinde</span> <span class='ocrx_word' id='word_1_103' title='bbox 529 1900 564 1937; x_wconf 91' lang='lat' dir='ltr'>ac</span> <span class='ocrx_word' id='word_1_104' title='bbox 592 1888 616 1938; x_wconf 92' lang='lat' dir='ltr'>si</span> <span class='ocrx_word' id='word_1_105' title='bbox 643 1882 716 1939; x_wconf 92' lang='lat' dir='ltr'>alius</span> <span class='ocrx_word' id='word_1_106' title='bbox 741 1861 876 1956; x_wconf 64' lang='lat' dir='ltr'>populus</span> <span class='ocrx_word' id='word_1_107' title='bbox 902 1886 963 1938; x_wconf 82' lang='lat' dir='ltr'>nan</span> <span class='ocrx_word' id='word_1_108' title='bbox 988 1882 1036 1939; x_wconf 90' lang='lat' dir='ltr'>ille</span> <span class='ocrx_word' id='word_1_109' title='bbox 1062 1883 1124 1957; x_wconf 92' lang='lat' dir='ltr'>ipse</span> 
     </span>
     <span class='ocr_line' id='line_1_16' title="bbox 117 1987 1174 2064; baseline 0.002 -19"><span class='ocrx_word' id='word_1_110' title='bbox 117 1995 253 2062; x_wconf 92' lang='lat' dir='ltr'>quitum</span> <span class='ocrx_word' id='word_1_111' title='bbox 279 1987 377 2057; x_wconf 86' lang='lat' dir='ltr'>flebat,</span> <span class='ocrx_word' id='word_1_112' title='bbox 400 2005 469 2044; x_wconf 91' lang='lat' dir='ltr'>eum</span> <span class='ocrx_word' id='word_1_113' title='bbox 493 1987 636 2061; x_wconf 87' lang='lat' dir='ltr'>sacrilegii</span> <span class='ocrx_word' id='word_1_114' title='bbox 660 1987 838 2044; x_wconf 78' lang='lat' dir='ltr'>damnasset.</span> <span class='ocrx_word' id='word_1_115' title='bbox 881 1989 1030 2045; x_wconf 82' lang='lat' dir='ltr'>Restitr&#39;rta</span> <span class='ocrx_word' id='word_1_116' title='bbox 1055 1993 1125 2061; x_wconf 80' lang='lat' dir='ltr'>erge</span> <span class='ocrx_word' id='word_1_117' title='bbox 1150 2018 1174 2064; x_wconf 81' lang='lat'>¹5</span> 
     </span>
     <span class='ocr_line' id='line_1_17' title="bbox 118 2091 1124 2169; baseline 0 -18"><span class='ocrx_word' id='word_1_118' title='bbox 118 2094 188 2151; x_wconf 91' lang='lat' dir='ltr'>huic</span> <span class='ocrx_word' id='word_1_119' title='bbox 213 2103 280 2152; x_wconf 90' lang='lat' dir='ltr'>sunt</span> <span class='ocrx_word' id='word_1_120' title='bbox 305 2093 423 2169; x_wconf 81' lang='lat' dir='ltr'>priblice</span> <span class='ocrx_word' id='word_1_121' title='bbox 448 2092 536 2165; x_wconf 90' lang='lat' dir='ltr'>bona,</span> <span class='ocrx_word' id='word_1_122' title='bbox 558 2091 716 2168; x_wconf 90' lang='lat' dir='ltr'>eidemque</span> <span class='ocrx_word' id='word_1_123' title='bbox 741 2092 782 2150; x_wconf 90' lang='lat' dir='ltr'>illi</span> <span class='ocrx_word' id='word_1_124' title='bbox 807 2091 1004 2167; x_wconf 88' lang='lat' dir='ltr'>Eumolpidae</span> <span class='ocrx_word' id='word_1_125' title='bbox 1029 2112 1124 2151; x_wconf 90' lang='lat' dir='ltr'>sacer-</span> 
     </span>
     <span class='ocr_line' id='line_1_18' title="bbox 118 2200 1124 2272; baseline 0 -15"><span class='ocrx_word' id='word_1_126' title='bbox 118 2201 206 2258; x_wconf 80' lang='lat' dir='ltr'>dotes</span> <span class='ocrx_word' id='word_1_127' title='bbox 234 2204 331 2257; x_wconf 72' lang='lat' dir='ltr'>narsus</span> <span class='ocrx_word' id='word_1_128' title='bbox 359 2205 506 2257; x_wconf 76' lang='lat' dir='ltr'>resacrare</span> <span class='ocrx_word' id='word_1_129' title='bbox 520 2254 522 2261; x_wconf 89' lang='grc'>,</span> <span class='ocrx_word' id='word_1_130' title='bbox 535 2208 602 2257; x_wconf 92' lang='lat' dir='ltr'>sunt</span> <span class='ocrx_word' id='word_1_131' title='bbox 630 2205 736 2269; x_wconf 91' lang='lat' dir='ltr'>coacti,</span> <span class='ocrx_word' id='word_1_132' title='bbox 762 2206 812 2272; x_wconf 88' lang='lat' dir='ltr'>qui</span> <span class='ocrx_word' id='word_1_133' title='bbox 837 2218 905 2256; x_wconf 88' lang='lat' dir='ltr'>eum</span> <span class='ocrx_word' id='word_1_134' title='bbox 935 2200 1124 2271; x_wconf 74' lang='lat' dir='ltr'>devoverant,</span> 
     </span>
     <span class='ocr_line' id='line_1_19' title="bbox 118 2304 1124 2381; baseline 0.002 -20"><span class='ocrx_word' id='word_1_135' title='bbox 118 2306 255 2381; x_wconf 91' lang='lat' dir='ltr'>pilaeque</span> <span class='ocrx_word' id='word_1_136' title='bbox 280 2305 355 2376; x_wconf 89' lang='lat' dir='ltr'>illae,</span> <span class='ocrx_word' id='word_1_137' title='bbox 382 2304 413 2361; x_wconf 93' lang='lat' dir='ltr'>in</span> <span class='ocrx_word' id='word_1_138' title='bbox 437 2304 542 2379; x_wconf 91' lang='lat' dir='ltr'>quibus</span> <span class='ocrx_word' id='word_1_139' title='bbox 570 2304 691 2363; x_wconf 80' lang='lat' dir='ltr'>devetie</span> <span class='ocrx_word' id='word_1_140' title='bbox 720 2304 813 2361; x_wconf 85' lang='lat' dir='ltr'>iuerat</span> <span class='ocrx_word' id='word_1_141' title='bbox 841 2311 959 2380; x_wconf 88' lang='lat' dir='ltr'>scripta,</span> <span class='ocrx_word' id='word_1_142' title='bbox 985 2306 1016 2363; x_wconf 93' lang='lat' dir='ltr'>iu</span> <span class='ocrx_word' id='word_1_143' title='bbox 1045 2324 1124 2363; x_wconf 90' lang='lat' dir='ltr'>mare</span> 
     </span>
     <span class='ocr_line' id='line_1_20' title="bbox 119 2411 982 2489; baseline 0 -22"><span class='ocrx_word' id='word_1_144' title='bbox 119 2411 341 2486; x_wconf 76' lang='lat' dir='ltr'>praecipitatae.</span> <span class='ocrx_word' id='word_1_145' title='bbox 980 2486 982 2489; x_wconf 7' lang='lat' dir='ltr'>y</span> 
     </span>
    </p>

    <p class='ocr_par' dir='ltr' id='par_1_6' title="bbox 118 2515 1177 3862">
     <span class='ocr_line' id='line_1_21' title="bbox 160 2515 1176 2578; baseline 0.003 -5"><span class='ocrx_word' id='word_1_146' title='bbox 160 2518 229 2574; x_wconf 91' lang='lat' dir='ltr'>VII.</span> <span class='ocrx_word' id='word_1_147' title='bbox 261 2518 348 2574; x_wconf 91' lang='lat' dir='ltr'>Haec</span> <span class='ocrx_word' id='word_1_148' title='bbox 375 2515 522 2578; x_wconf 89' lang='lat' dir='ltr'>Alcibiadi</span> <span class='ocrx_word' id='word_1_149' title='bbox 549 2516 659 2573; x_wconf 88' lang='lat' dir='ltr'>laetitia</span> <span class='ocrx_word' id='word_1_150' title='bbox 686 2521 748 2573; x_wconf 79' lang='lat' dir='ltr'>nen</span> <span class='ocrx_word' id='word_1_151' title='bbox 775 2516 861 2573; x_wconf 92' lang='lat' dir='ltr'>nimis</span> <span class='ocrx_word' id='word_1_152' title='bbox 893 2516 946 2573; x_wconf 84' lang='lat' dir='ltr'>suit</span> <span class='ocrx_word' id='word_1_153' title='bbox 978 2516 1124 2574; x_wconf 82' lang='lat' dir='ltr'>diatuma.</span> <span class='ocrx_word' id='word_1_154' title='bbox 1148 2546 1176 2576; x_wconf 89' lang='lat'>20</span> 
     </span>
     <span class='ocr_line' id='line_1_22' title="bbox 119 2621 1125 2697; baseline 0 -17"><span class='ocrx_word' id='word_1_155' title='bbox 119 2624 200 2681; x_wconf 92' lang='lat' dir='ltr'>Nam</span> <span class='ocrx_word' id='word_1_156' title='bbox 229 2641 297 2679; x_wconf 91' lang='lat' dir='ltr'>cum</span> <span class='ocrx_word' id='word_1_157' title='bbox 326 2628 353 2679; x_wconf 94' lang='lat' dir='ltr'>ei</span> <span class='ocrx_word' id='word_1_158' title='bbox 381 2627 484 2680; x_wconf 91' lang='lat' dir='ltr'>omnes</span> <span class='ocrx_word' id='word_1_159' title='bbox 509 2632 607 2679; x_wconf 89' lang='lat' dir='ltr'>essent</span> <span class='ocrx_word' id='word_1_160' title='bbox 633 2622 760 2679; x_wconf 80' lang='lat' dir='ltr'>honeres</span> <span class='ocrx_word' id='word_1_161' title='bbox 788 2621 902 2679; x_wconf 89' lang='lat' dir='ltr'>decreti</span> <span class='ocrx_word' id='word_1_162' title='bbox 930 2628 1051 2697; x_wconf 73' lang='lat' dir='ltr'>tritaque</span> <span class='ocrx_word' id='word_1_163' title='bbox 1079 2628 1125 2681; x_wconf 86' lang='lat' dir='ltr'>res</span> 
     </span>
     <span class='ocr_line' id='line_1_23' title="bbox 118 2726 1124 2804; baseline -0.001 -18"><span class='ocrx_word' id='word_1_164' title='bbox 118 2728 240 2804; x_wconf 79' lang='lat' dir='ltr'>pablica</span> <span class='ocrx_word' id='word_1_165' title='bbox 260 2726 343 2785; x_wconf 91' lang='lat' dir='ltr'>dorni</span> <span class='ocrx_word' id='word_1_166' title='bbox 366 2727 492 2801; x_wconf 89' lang='lat' dir='ltr'>bellique</span> <span class='ocrx_word' id='word_1_167' title='bbox 518 2726 634 2798; x_wconf 90' lang='lat' dir='ltr'>tradita,</span> <span class='ocrx_word' id='word_1_168' title='bbox 657 2737 688 2784; x_wconf 94' lang='lat' dir='ltr'>ut</span> <span class='ocrx_word' id='word_1_169' title='bbox 711 2732 796 2785; x_wconf 82' lang='lat' dir='ltr'>anius</span> <span class='ocrx_word' id='word_1_170' title='bbox 820 2728 940 2784; x_wconf 81' lang='lat' dir='ltr'>arbitrie</span> <span class='ocrx_word' id='word_1_171' title='bbox 965 2733 1124 2802; x_wconf 88' lang='lat' dir='ltr'>gereretur,</span> 
     </span>
     <span class='ocr_line' id='line_1_24' title="bbox 119 2832 1124 2909; baseline -0.001 -17"><span class='ocrx_word' id='word_1_172' title='bbox 119 2845 150 2893; x_wconf 93' lang='lat' dir='ltr'>et</span> <span class='ocrx_word' id='word_1_173' title='bbox 171 2834 235 2908; x_wconf 92' lang='lat' dir='ltr'>ipse</span> <span class='ocrx_word' id='word_1_174' title='bbox 257 2833 434 2908; x_wconf 88' lang='lat' dir='ltr'>postulasset</span> <span class='ocrx_word' id='word_1_175' title='bbox 453 2842 485 2891; x_wconf 93' lang='lat' dir='ltr'>ut</span> <span class='ocrx_word' id='word_1_176' title='bbox 506 2832 567 2891; x_wconf 94' lang='lat' dir='ltr'>duo</span> <span class='ocrx_word' id='word_1_177' title='bbox 589 2833 644 2891; x_wconf 91' lang='lat' dir='ltr'>sibi</span> <span class='ocrx_word' id='word_1_178' title='bbox 666 2832 808 2907; x_wconf 74' lang='lat' dir='ltr'>conlegae</span> <span class='ocrx_word' id='word_1_179' title='bbox 830 2832 978 2905; x_wconf 91' lang='lat' dir='ltr'>darentur,</span> <span class='ocrx_word' id='word_1_180' title='bbox 999 2833 1124 2909; x_wconf 89' lang='lat' dir='ltr'>Thrasy-</span> 
     </span>
     <span class='ocr_line' id='line_1_25' title="bbox 119 2928 1126 3013; baseline -0.001 -15"><span class='ocrx_word' id='word_1_181' title='bbox 119 2940 206 2999; x_wconf 81' lang='lat' dir='ltr'>balus</span> <span class='ocrx_word' id='word_1_182' title='bbox 234 2949 265 2997; x_wconf 89' lang='lat' dir='ltr'>et</span> <span class='ocrx_word' id='word_1_183' title='bbox 290 2928 475 3010; x_wconf 72' lang='lat' dir='ltr'>Adimantus,</span> <span class='ocrx_word' id='word_1_184' title='bbox 503 2957 601 3013; x_wconf 91' lang='lat' dir='ltr'>neque</span> <span class='ocrx_word' id='word_1_185' title='bbox 631 2938 662 2995; x_wconf 92' lang='lat' dir='ltr'>id</span> <span class='ocrx_word' id='word_1_186' title='bbox 690 2944 830 3013; x_wconf 87' lang='lat' dir='ltr'>negatum</span> <span class='ocrx_word' id='word_1_187' title='bbox 859 2949 945 3010; x_wconf 91' lang='lat' dir='ltr'>esset,</span> <span class='ocrx_word' id='word_1_188' title='bbox 974 2940 1066 2997; x_wconf 89' lang='lat' dir='ltr'>classe</span> <span class='ocrx_word' id='word_1_189' title='bbox 1095 2941 1126 2997; x_wconf 90' lang='lat' dir='ltr'>in</span> 
     </span>
     <span class='ocr_line' id='line_1_26' title="bbox 118 3044 1174 3125; baseline -0.001 -21"><span class='ocrx_word' id='word_1_190' title='bbox 118 3047 221 3104; x_wconf 90' lang='lat' dir='ltr'>Asiam</span> <span class='ocrx_word' id='word_1_191' title='bbox 249 3046 408 3119; x_wconf 90' lang='lat' dir='ltr'>profectus,</span> <span class='ocrx_word' id='word_1_192' title='bbox 434 3045 516 3119; x_wconf 93' lang='lat' dir='ltr'>quod</span> <span class='ocrx_word' id='word_1_193' title='bbox 543 3044 623 3120; x_wconf 92' lang='lat' dir='ltr'>apud</span> <span class='ocrx_word' id='word_1_194' title='bbox 651 3044 768 3119; x_wconf 67' lang='lat' dir='ltr'>cymen</span> <span class='ocrx_word' id='word_1_195' title='bbox 796 3044 892 3102; x_wconf 90' lang='lat' dir='ltr'>miuus</span> <span class='ocrx_word' id='word_1_196' title='bbox 917 3063 954 3101; x_wconf 90' lang='lat' dir='ltr'>ex</span> <span class='ocrx_word' id='word_1_197' title='bbox 982 3046 1127 3103; x_wconf 90' lang='lat' dir='ltr'>sententia</span> <span class='ocrx_word' id='word_1_198' title='bbox 1149 3080 1174 3125; x_wconf 80' lang='lat'>²5</span> 
     </span>
     <span class='ocr_line' id='line_1_27' title="bbox 118 3150 1126 3226; baseline -0.001 -17"><span class='ocrx_word' id='word_1_199' title='bbox 118 3170 183 3209; x_wconf 91' lang='lat' dir='ltr'>rem</span> <span class='ocrx_word' id='word_1_200' title='bbox 211 3161 350 3226; x_wconf 86' lang='lat' dir='ltr'>gesserat,</span> <span class='ocrx_word' id='word_1_201' title='bbox 376 3151 405 3207; x_wconf 92' lang='lat' dir='ltr'>in</span> <span class='ocrx_word' id='word_1_202' title='bbox 433 3150 574 3208; x_wconf 92' lang='lat' dir='ltr'>invidiam</span> <span class='ocrx_word' id='word_1_203' title='bbox 602 3150 728 3223; x_wconf 81' lang='lat' dir='ltr'>recidit3</span> <span class='ocrx_word' id='word_1_204' title='bbox 763 3150 835 3208; x_wconf 90' lang='lat' dir='ltr'>nihil</span> <span class='ocrx_word' id='word_1_205' title='bbox 865 3151 944 3207; x_wconf 89' lang='lat' dir='ltr'>enim</span> <span class='ocrx_word' id='word_1_206' title='bbox 973 3170 1040 3208; x_wconf 90' lang='lat' dir='ltr'>eurn</span> <span class='ocrx_word' id='word_1_207' title='bbox 1064 3157 1126 3209; x_wconf 78' lang='lat' dir='ltr'>nen</span> 
     </span>
     <span class='ocr_line' id='line_1_28' title="bbox 119 3255 1126 3331; baseline -0.001 -16"><span class='ocrx_word' id='word_1_208' title='bbox 119 3257 240 3315; x_wconf 89' lang='lat' dir='ltr'>efficere</span> <span class='ocrx_word' id='word_1_209' title='bbox 265 3274 353 3331; x_wconf 90' lang='lat' dir='ltr'>posse</span> <span class='ocrx_word' id='word_1_210' title='bbox 379 3255 536 3314; x_wconf 80' lang='lat' dir='ltr'>dircebant.</span> <span class='ocrx_word' id='word_1_211' title='bbox 580 3258 625 3313; x_wconf 90' lang='lat' dir='ltr'>Ex</span> <span class='ocrx_word' id='word_1_212' title='bbox 649 3261 710 3329; x_wconf 77' lang='lat' dir='ltr'>que</span> <span class='ocrx_word' id='word_1_213' title='bbox 735 3256 831 3314; x_wconf 86' lang='lat' dir='ltr'>fiebat</span> <span class='ocrx_word' id='word_1_214' title='bbox 856 3266 888 3313; x_wconf 96' lang='lat' dir='ltr'>ut</span> <span class='ocrx_word' id='word_1_215' title='bbox 910 3257 1010 3313; x_wconf 90' lang='lat' dir='ltr'>omnia</span> <span class='ocrx_word' id='word_1_216' title='bbox 1031 3258 1126 3315; x_wconf 92' lang='lat' dir='ltr'>minus</span> 
     </span>
     <span class='ocr_line' id='line_1_29' title="bbox 119 3362 1125 3438; baseline 0.002 -19"><span class='ocrx_word' id='word_1_217' title='bbox 119 3367 265 3438; x_wconf 77' lang='lat' dir='ltr'>prespere</span> <span class='ocrx_word' id='word_1_218' title='bbox 293 3372 376 3437; x_wconf 85' lang='lat' dir='ltr'>gesta</span> <span class='ocrx_word' id='word_1_219' title='bbox 403 3362 507 3437; x_wconf 90' lang='lat' dir='ltr'>culpae</span> <span class='ocrx_word' id='word_1_220' title='bbox 536 3362 707 3433; x_wconf 88' lang='lat' dir='ltr'>tribuerent,</span> <span class='ocrx_word' id='word_1_221' title='bbox 735 3379 804 3419; x_wconf 87' lang='lat' dir='ltr'>cum</span> <span class='ocrx_word' id='word_1_222' title='bbox 839 3372 889 3419; x_wconf 91' lang='lat' dir='ltr'>aut</span> <span class='ocrx_word' id='word_1_223' title='bbox 924 3380 992 3419; x_wconf 92' lang='lat' dir='ltr'>eum</span> <span class='ocrx_word' id='word_1_224' title='bbox 1026 3365 1125 3438; x_wconf 89' lang='lat' dir='ltr'>negle-</span> 
     </span>
     <span class='ocr_line' id='line_1_30' title="bbox 118 3468 1125 3545; baseline 0 -18"><span class='ocrx_word' id='word_1_225' title='bbox 118 3479 226 3545; x_wconf 86' lang='lat' dir='ltr'>genter</span> <span class='ocrx_word' id='word_1_226' title='bbox 253 3479 304 3527; x_wconf 89' lang='lat' dir='ltr'>aut</span> <span class='ocrx_word' id='word_1_227' title='bbox 331 3469 475 3527; x_wconf 76' lang='lat' dir='ltr'>malitiese</span> <span class='ocrx_word' id='word_1_228' title='bbox 503 3468 612 3526; x_wconf 85' lang='lat' dir='ltr'>fecisse</span> <span class='ocrx_word' id='word_1_229' title='bbox 641 3469 840 3543; x_wconf 87' lang='lat' dir='ltr'>loquerentur,</span> <span class='ocrx_word' id='word_1_230' title='bbox 870 3476 944 3526; x_wconf 89' lang='lat' dir='ltr'>sicut</span> <span class='ocrx_word' id='word_1_231' title='bbox 979 3479 1058 3526; x_wconf 88' lang='lat' dir='ltr'>turn.</span> <span class='ocrx_word' id='word_1_232' title='bbox 1077 3489 1125 3527; x_wconf 90' lang='lat' dir='ltr'>ac-</span> 
     </span>
     <span class='ocr_line' id='line_1_31' title="bbox 119 3575 1177 3654; baseline 0.004 -20"><span class='ocrx_word' id='word_1_233' title='bbox 119 3576 194 3635; x_wconf 91' lang='lat' dir='ltr'>cidit</span> <span class='ocrx_word' id='word_1_234' title='bbox 206 3596 215 3648; x_wconf 78' lang='lat'><em>3</em></span> <span class='ocrx_word' id='word_1_235' title='bbox 251 3594 319 3633; x_wconf 89' lang='lat' dir='ltr'>nam</span> <span class='ocrx_word' id='word_1_236' title='bbox 353 3584 524 3650; x_wconf 91' lang='lat' dir='ltr'>corruptum</span> <span class='ocrx_word' id='word_1_237' title='bbox 556 3580 573 3631; x_wconf 96' lang='lat' dir='ltr'>a</span> <span class='ocrx_word' id='word_1_238' title='bbox 603 3579 671 3649; x_wconf 87' lang='lat' dir='ltr'>rege</span> <span class='ocrx_word' id='word_1_239' title='bbox 707 3592 813 3649; x_wconf 89' lang='lat' dir='ltr'>capere</span> <span class='ocrx_word' id='word_1_240' title='bbox 849 3575 963 3650; x_wconf 63' lang='lat' dir='ltr'>Cymen</span> <span class='ocrx_word' id='word_1_241' title='bbox 999 3576 1126 3634; x_wconf 73' lang='lat' dir='ltr'>naluisse</span> <span class='ocrx_word' id='word_1_242' title='bbox 1150 3609 1177 3654; x_wconf 83' lang='lat'>30</span> 
     </span>
     <span class='ocr_line' id='line_1_32' title="bbox 119 3663 1127 3758; baseline 0 -18"><span class='ocrx_word' id='word_1_243' title='bbox 119 3682 294 3758; x_wconf 87' lang='lat' dir='ltr'>arguebant.</span> <span class='ocrx_word' id='word_1_244' title='bbox 350 3683 455 3756; x_wconf 91' lang='lat' dir='ltr'>Itaque</span> <span class='ocrx_word' id='word_1_245' title='bbox 490 3680 557 3737; x_wconf 93' lang='lat' dir='ltr'>huic</span> <span class='ocrx_word' id='word_1_246' title='bbox 574 3663 577 3669; x_wconf 33' lang='lat'>¹</span> <span class='ocrx_word' id='word_1_247' title='bbox 593 3682 721 3737; x_wconf 86' lang='lat' dir='ltr'>maxime</span> <span class='ocrx_word' id='word_1_248' title='bbox 756 3686 891 3754; x_wconf 91' lang='lat' dir='ltr'>putamus</span> <span class='ocrx_word' id='word_1_249' title='bbox 926 3682 1004 3739; x_wconf 79' lang='lat' dir='ltr'>malo</span> <span class='ocrx_word' id='word_1_250' title='bbox 1040 3682 1127 3740; x_wconf 82' lang='lat' dir='ltr'>fuisse</span> 
     </span>
     <span class='ocr_line' id='line_1_33' title="bbox 119 3786 1126 3862; baseline -0.001 -16"><span class='ocrx_word' id='word_1_251' title='bbox 119 3789 246 3846; x_wconf 89' lang='lat' dir='ltr'>nimiam</span> <span class='ocrx_word' id='word_1_252' title='bbox 268 3787 439 3861; x_wconf 80' lang='lat' dir='ltr'>opinienem</span> <span class='ocrx_word' id='word_1_253' title='bbox 460 3786 569 3862; x_wconf 87' lang='lat' dir='ltr'>ingenii</span> <span class='ocrx_word' id='word_1_254' title='bbox 592 3796 680 3860; x_wconf 89' lang='lat' dir='ltr'>atque</span> <span class='ocrx_word' id='word_1_255' title='bbox 706 3786 818 3843; x_wconf 81' lang='lat' dir='ltr'>virtritis</span> <span class='ocrx_word' id='word_1_256' title='bbox 828 3806 837 3857; x_wconf 91' lang='lat'>;</span> <span class='ocrx_word' id='word_1_257' title='bbox 865 3786 1023 3845; x_wconf 88' lang='lat' dir='ltr'>timebatur</span> <span class='ocrx_word' id='word_1_258' title='bbox 1048 3790 1126 3845; x_wconf 92' lang='lat' dir='ltr'>enim</span> 
     </span>
    </p>
   </div>
   <div class='ocr_carea' id='block_1_5' title="bbox 0 0 1420 4250">
    <p class='ocr_par' dir='ltr' id='par_1_7' title="bbox 0 0 1420 4250">
     <span class='ocr_line' id='line_1_34' title="bbox 0 0 1420 4250; baseline 0 0"><span class='ocrx_word' id='word_1_259' title='bbox 0 0 1420 4250; x_wconf 95' lang='lat' dir='ltr'> </span> 
     </span>
    </p>
   </div>
  </div>
 </body>
</html>
