<?xml version="1.0" encoding="UTF-8"?>
<!DOCTYPE html PUBLIC "-//W3C//DTD XHTML 1.0 Transitional//EN"
    "http://www.w3.org/TR/xhtml1/DTD/xhtml1-transitional.dtd">
<html xmlns="http://www.w3.org/1999/xhtml" xml:lang="en" lang="en">
 <head>
  <title>
</title>
<meta http-equiv="Content-Type" content="text/html;charset=utf-8" />
  <meta name='ocr-system' content='tesseract 3.04.00' />
  <meta name='ocr-capabilities' content='ocr_page ocr_carea ocr_par ocr_line ocrx_word'/>
</head>
<body>
  <div class='ocr_page' id='page_1' title='image "./corneliinepotis26nepogoog_0076.png"; bbox 0 0 2817 4250; ppageno 0'>
   <div class='ocr_carea' id='block_1_1' title="bbox 248 309 1299 375">
    <p class='ocr_par' dir='ltr' id='par_1_1' title="bbox 248 309 1299 375">
     <span class='ocr_line' id='line_1_1' title="bbox 248 309 1299 375; baseline 0 -17"><span class='ocrx_word' id='word_1_1' title='bbox 248 311 289 375; x_wconf 84' lang='grc'>50</span> <span class='ocrx_word' id='word_1_2' title='bbox 538 309 708 358; x_wconf 89' lang='lat' dir='ltr'><strong>CORNELII</strong></span> <span class='ocrx_word' id='word_1_3' title='bbox 732 309 880 358; x_wconf 87' lang='lat' dir='ltr'><strong>NEPOTIS</strong></span> <span class='ocrx_word' id='word_1_4' title='bbox 902 311 1010 358; x_wconf 82' lang='lat' dir='ltr'><strong>VITAE</strong></span> <span class='ocrx_word' id='word_1_5' title='bbox 1204 310 1264 374; x_wconf 82' lang='lat' dir='ltr'>[rx.,</span> <span class='ocrx_word' id='word_1_6' title='bbox 1275 324 1299 358; x_wconf 81' lang='lat' dir='ltr'>x.</span> 
     </span>
    </p>
   </div>
   <div class='ocr_carea' id='block_1_2' title="bbox 243 481 1302 3201">
    <p class='ocr_par' dir='ltr' id='par_1_2' title="bbox 243 481 1302 3201">
     <span class='ocr_line' id='line_1_2' title="bbox 296 481 1300 558; baseline 0.003 -21"><span class='ocrx_word' id='word_1_7' title='bbox 296 481 428 554; x_wconf 79' lang='lat' dir='ltr'>pericnle</span> <span class='ocrx_word' id='word_1_8' title='bbox 456 481 609 540; x_wconf 87' lang='lat' dir='ltr'>timebant.</span> <span class='ocrx_word' id='word_1_9' title='bbox 665 485 704 539; x_wconf 93' lang='lat' dir='ltr'>At</span> <span class='ocrx_word' id='word_1_10' title='bbox 733 482 781 538; x_wconf 89' lang='lat' dir='ltr'>ille</span> <span class='ocrx_word' id='word_1_11' title='bbox 808 492 898 558; x_wconf 87' lang='lat' dir='ltr'>negat</span> <span class='ocrx_word' id='word_1_12' title='bbox 925 490 944 540; x_wconf 72' lang='lat' dir='ltr'>e</span> <span class='ocrx_word' id='word_1_13' title='bbox 970 483 1126 541; x_wconf 86' lang='lat' dir='ltr'>Callicrate</span> <span class='ocrx_word' id='word_1_14' title='bbox 1154 484 1220 541; x_wconf 87' lang='lat' dir='ltr'>fieri</span> <span class='ocrx_word' id='word_1_15' title='bbox 1247 485 1300 541; x_wconf 89' lang='lat' dir='ltr'>sibi</span> 
     </span>
     <span class='ocr_line' id='line_1_3' title="bbox 295 587 1299 664; baseline 0.004 -21"><span class='ocrx_word' id='word_1_16' title='bbox 295 587 425 659; x_wconf 64' lang='lat' dir='ltr'>insidiis,</span> <span class='ocrx_word' id='word_1_17' title='bbox 456 587 510 645; x_wconf 90' lang='lat' dir='ltr'>sed</span> <span class='ocrx_word' id='word_1_18' title='bbox 545 588 602 660; x_wconf 89' lang='lat' dir='ltr'>illa,</span> <span class='ocrx_word' id='word_1_19' title='bbox 633 606 709 663; x_wconf 91' lang='lat' dir='ltr'>qnae</span> <span class='ocrx_word' id='word_1_20' title='bbox 745 600 910 664; x_wconf 85' lang='lat' dir='ltr'>agerentur,</span> <span class='ocrx_word' id='word_1_21' title='bbox 942 591 1005 647; x_wconf 83' lang='lat' dir='ltr'>lieri</span> <span class='ocrx_word' id='word_1_22' title='bbox 1039 595 1205 664; x_wconf 78' lang='lat' dir='ltr'>praecepte</span> <span class='ocrx_word' id='word_1_23' title='bbox 1240 595 1299 647; x_wconf 78' lang='lat' dir='ltr'>sue.</span> 
     </span>
     <span class='ocr_line' id='line_1_4' title="bbox 296 694 1299 771; baseline 0.004 -21"><span class='ocrx_word' id='word_1_24' title='bbox 296 694 436 752; x_wconf 89' lang='lat' dir='ltr'>Mulieres</span> <span class='ocrx_word' id='word_1_25' title='bbox 464 694 556 752; x_wconf 78' lang='lat' dir='ltr'>nihile</span> <span class='ocrx_word' id='word_1_26' title='bbox 584 696 674 753; x_wconf 89' lang='lat' dir='ltr'>setius</span> <span class='ocrx_word' id='word_1_27' title='bbox 702 696 890 754; x_wconf 87' lang='lat' dir='ltr'>Callicratem</span> <span class='ocrx_word' id='word_1_28' title='bbox 919 696 950 752; x_wconf 92' lang='lat' dir='ltr'>in</span> <span class='ocrx_word' id='word_1_29' title='bbox 973 696 1080 754; x_wconf 91' lang='lat' dir='ltr'>aedem</span> <span class='ocrx_word' id='word_1_30' title='bbox 1107 697 1299 771; x_wconf 79' lang='lat' dir='ltr'>Preserpinae</span> 
     </span>
     <span class='ocr_line' id='line_1_5' title="bbox 296 799 1301 876; baseline 0.002 -18"><span class='ocrx_word' id='word_1_31' title='bbox 296 799 449 858; x_wconf 76' lang='lat' dir='ltr'>deducunt</span> <span class='ocrx_word' id='word_1_32' title='bbox 479 819 514 858; x_wconf 94' lang='lat' dir='ltr'>ac</span> <span class='ocrx_word' id='word_1_33' title='bbox 545 802 639 859; x_wconf 74' lang='lat' dir='ltr'>iurere</span> <span class='ocrx_word' id='word_1_34' title='bbox 670 807 789 876; x_wconf 80' lang='lat' dir='ltr'>cegunt,</span> <span class='ocrx_word' id='word_1_35' title='bbox 817 802 890 858; x_wconf 88' lang='lat' dir='ltr'>nihil</span> <span class='ocrx_word' id='word_1_36' title='bbox 924 803 962 861; x_wconf 92' lang='lat' dir='ltr'>ab</span> <span class='ocrx_word' id='word_1_37' title='bbox 997 802 1047 859; x_wconf 81' lang='lat' dir='ltr'>ille</span> <span class='ocrx_word' id='word_1_38' title='bbox 1081 803 1206 876; x_wconf 84' lang='lat' dir='ltr'>periculi</span> <span class='ocrx_word' id='word_1_39' title='bbox 1241 803 1301 861; x_wconf 82' lang='lat' dir='ltr'>fore</span> 
     </span>
     <span class='ocr_line' id='line_1_6' title="bbox 268 907 1300 983; baseline 0.003 -19"><span class='ocrx_word' id='word_1_40' title='bbox 268 907 396 983; x_wconf 82' lang='lat' dir='ltr'>5Dieni.</span> <span class='ocrx_word' id='word_1_41' title='bbox 440 907 493 964; x_wconf 93' lang='lat' dir='ltr'>Ille</span> <span class='ocrx_word' id='word_1_42' title='bbox 520 908 575 964; x_wconf 68' lang='lat' dir='ltr'>hec</span> <span class='ocrx_word' id='word_1_43' title='bbox 603 908 744 983; x_wconf 79' lang='lat' dir='ltr'>religiene</span> <span class='ocrx_word' id='word_1_44' title='bbox 773 913 835 965; x_wconf 80' lang='lat' dir='ltr'>nen</span> <span class='ocrx_word' id='word_1_45' title='bbox 863 908 955 966; x_wconf 91' lang='lat' dir='ltr'>modo</span> <span class='ocrx_word' id='word_1_46' title='bbox 979 915 1040 966; x_wconf 79' lang='lat' dir='ltr'>nen</span> <span class='ocrx_word' id='word_1_47' title='bbox 1065 919 1109 966; x_wconf 90' lang='lat' dir='ltr'>est</span> <span class='ocrx_word' id='word_1_48' title='bbox 1134 909 1300 980; x_wconf 89' lang='lat' dir='ltr'>deterritus,</span> 
     </span>
     <span class='ocr_line' id='line_1_7' title="bbox 296 1012 1300 1089; baseline 0.001 -19"><span class='ocrx_word' id='word_1_49' title='bbox 296 1012 350 1070; x_wconf 93' lang='lat' dir='ltr'>sed</span> <span class='ocrx_word' id='word_1_50' title='bbox 374 1013 413 1071; x_wconf 93' lang='lat' dir='ltr'>ad</span> <span class='ocrx_word' id='word_1_51' title='bbox 438 1012 643 1071; x_wconf 71' lang='lat' dir='ltr'>metiuandum</span> <span class='ocrx_word' id='word_1_52' title='bbox 669 1014 834 1071; x_wconf 59' lang='lat' dir='ltr'>concitatus</span> <span class='ocrx_word' id='word_1_53' title='bbox 860 1024 913 1086; x_wconf 91' lang='lat' dir='ltr'>est,</span> <span class='ocrx_word' id='word_1_54' title='bbox 934 1019 1039 1072; x_wconf 88' lang='lat' dir='ltr'>verens</span> <span class='ocrx_word' id='word_1_55' title='bbox 1064 1015 1208 1089; x_wconf 73' lang='lat' dir='ltr'>neoprius</span> <span class='ocrx_word' id='word_1_56' title='bbox 1230 1020 1300 1072; x_wconf 80' lang='lat' dir='ltr'>cen-</span> 
     </span>
     <span class='ocr_line' id='line_1_8' title="bbox 296 1119 1160 1195; baseline 0.002 -20"><span class='ocrx_word' id='word_1_57' title='bbox 296 1119 392 1175; x_wconf 90' lang='lat' dir='ltr'>silium</span> <span class='ocrx_word' id='word_1_58' title='bbox 413 1124 574 1192; x_wconf 86' lang='lat' dir='ltr'>aperiretur</span> <span class='ocrx_word' id='word_1_59' title='bbox 595 1138 688 1191; x_wconf 88' lang='lat' dir='ltr'>suurn,</span> <span class='ocrx_word' id='word_1_60' title='bbox 711 1138 800 1194; x_wconf 85' lang='lat' dir='ltr'>quarn</span> <span class='ocrx_word' id='word_1_61' title='bbox 822 1119 952 1195; x_wconf 79' lang='lat' dir='ltr'>cegiteta</span> <span class='ocrx_word' id='word_1_62' title='bbox 972 1120 1160 1194; x_wconf 79' lang='lat' dir='ltr'>perfecisset.</span> 
     </span>
     <span class='ocr_line' id='line_1_9' title="bbox 337 1224 1301 1299; baseline 0.002 -18"><span class='ocrx_word' id='word_1_63' title='bbox 337 1226 389 1282; x_wconf 93' lang='lat' dir='ltr'>IX.</span> <span class='ocrx_word' id='word_1_64' title='bbox 419 1226 487 1282; x_wconf 73' lang='lat' dir='ltr'>Hec</span> <span class='ocrx_word' id='word_1_65' title='bbox 516 1235 615 1282; x_wconf 87' lang='lat' dir='ltr'>mente</span> <span class='ocrx_word' id='word_1_66' title='bbox 644 1224 780 1299; x_wconf 82' lang='lat' dir='ltr'>proxime</span> <span class='ocrx_word' id='word_1_67' title='bbox 808 1224 858 1283; x_wconf 89' lang='lat' dir='ltr'>die</span> <span class='ocrx_word' id='word_1_68' title='bbox 886 1227 976 1297; x_wconf 79' lang='lat' dir='ltr'>feste,</span> <span class='ocrx_word' id='word_1_69' title='bbox 1005 1244 1072 1283; x_wconf 92' lang='lat' dir='ltr'>cum</span> <span class='ocrx_word' id='word_1_70' title='bbox 1105 1232 1122 1283; x_wconf 74' lang='lat' dir='ltr'>e</span> <span class='ocrx_word' id='word_1_71' title='bbox 1151 1231 1301 1284; x_wconf 81' lang='lat' dir='ltr'>conventu</span> 
     </span>
     <span class='ocr_line' id='line_1_10' title="bbox 296 1330 1300 1406; baseline 0.003 -20"><span class='ocrx_word' id='word_1_72' title='bbox 296 1335 327 1387; x_wconf 92' lang='lat' dir='ltr'>se</span> <span class='ocrx_word' id='word_1_73' title='bbox 355 1335 502 1387; x_wconf 77' lang='lat' dir='ltr'>temetum</span> <span class='ocrx_word' id='word_1_74' title='bbox 530 1330 611 1388; x_wconf 75' lang='lat' dir='ltr'>Dien</span> <span class='ocrx_word' id='word_1_75' title='bbox 639 1330 723 1388; x_wconf 90' lang='lat' dir='ltr'>domi</span> <span class='ocrx_word' id='word_1_76' title='bbox 751 1336 865 1389; x_wconf 89' lang='lat' dir='ltr'>teneret</span> <span class='ocrx_word' id='word_1_77' title='bbox 889 1341 979 1406; x_wconf 92' lang='lat' dir='ltr'>atque</span> <span class='ocrx_word' id='word_1_78' title='bbox 1004 1331 1035 1388; x_wconf 91' lang='lat' dir='ltr'>in</span> <span class='ocrx_word' id='word_1_79' title='bbox 1059 1331 1194 1390; x_wconf 59' lang='lat' dir='ltr'>conclavi</span> <span class='ocrx_word' id='word_1_80' title='bbox 1218 1331 1300 1389; x_wconf 78' lang='lat' dir='ltr'>edite</span> 
     </span>
     <span class='ocr_line' id='line_1_11' title="bbox 247 1436 1300 1512; baseline 0.002 -20"><span class='ocrx_word' id='word_1_81' title='bbox 247 1473 273 1503; x_wconf 65' lang='grc' dir='ltr'>,ο</span> <span class='ocrx_word' id='word_1_82' title='bbox 296 1436 486 1506; x_wconf 87' lang='lat' dir='ltr'>recubuisset,</span> <span class='ocrx_word' id='word_1_83' title='bbox 502 1437 629 1494; x_wconf 82' lang='lat' dir='ltr'>censciis</span> <span class='ocrx_word' id='word_1_84' title='bbox 650 1437 787 1494; x_wconf 82' lang='lat' dir='ltr'>facinoris</span> <span class='ocrx_word' id='word_1_85' title='bbox 809 1437 876 1494; x_wconf 91' lang='lat' dir='ltr'>loca</span> <span class='ocrx_word' id='word_1_86' title='bbox 898 1438 1054 1495; x_wconf 77' lang='lat' dir='ltr'>menitiera</span> <span class='ocrx_word' id='word_1_87' title='bbox 1074 1436 1180 1512; x_wconf 81' lang='lat' dir='ltr'>oppidi</span> <span class='ocrx_word' id='word_1_88' title='bbox 1202 1437 1300 1508; x_wconf 74' lang='lat' dir='ltr'>tredit,</span> 
     </span>
     <span class='ocr_line' id='line_1_12' title="bbox 295 1540 1301 1617; baseline 0.002 -19"><span class='ocrx_word' id='word_1_89' title='bbox 295 1540 419 1598; x_wconf 88' lang='lat' dir='ltr'>domurn</span> <span class='ocrx_word' id='word_1_90' title='bbox 454 1541 595 1599; x_wconf 77' lang='lat' dir='ltr'>custediis</span> <span class='ocrx_word' id='word_1_91' title='bbox 630 1543 733 1616; x_wconf 84' lang='lat' dir='ltr'>saepit,</span> <span class='ocrx_word' id='word_1_92' title='bbox 767 1548 785 1599; x_wconf 79' lang='lat' dir='ltr'>ai</span> <span class='ocrx_word' id='word_1_93' title='bbox 819 1543 929 1601; x_wconf 83' lang='lat' dir='ltr'>foribus</span> <span class='ocrx_word' id='word_1_94' title='bbox 963 1550 1014 1617; x_wconf 91' lang='lat' dir='ltr'>qui</span> <span class='ocrx_word' id='word_1_95' title='bbox 1047 1548 1109 1600; x_wconf 80' lang='lat' dir='ltr'>nen</span> <span class='ocrx_word' id='word_1_96' title='bbox 1143 1542 1301 1600; x_wconf 85' lang='lat' dir='ltr'>discedant</span> 
     </span>
     <span class='ocr_line' id='line_1_13' title="bbox 295 1647 1302 1722; baseline 0.001 -18"><span class='ocrx_word' id='word_1_97' title='bbox 295 1653 392 1704; x_wconf 81' lang='lat' dir='ltr'>certes</span> <span class='ocrx_word' id='word_1_98' title='bbox 414 1647 556 1722; x_wconf 87' lang='lat' dir='ltr'>praeficit,</span> <span class='ocrx_word' id='word_1_99' title='bbox 574 1653 679 1704; x_wconf 74' lang='lat' dir='ltr'>nevem</span> <span class='ocrx_word' id='word_1_100' title='bbox 701 1649 849 1705; x_wconf 88' lang='lat' dir='ltr'>triremem</span> <span class='ocrx_word' id='word_1_101' title='bbox 872 1655 991 1704; x_wconf 73' lang='lat' dir='ltr'>armetis</span> <span class='ocrx_word' id='word_1_102' title='bbox 1008 1653 1093 1705; x_wconf 80' lang='lat' dir='ltr'>emat</span> <span class='ocrx_word' id='word_1_103' title='bbox 1112 1648 1302 1705; x_wconf 81' lang='lat' dir='ltr'>Philostrate-</span> 
     </span>
     <span class='ocr_line' id='line_1_14' title="bbox 294 1752 1301 1828; baseline 0 -18"><span class='ocrx_word' id='word_1_104' title='bbox 294 1772 362 1828; x_wconf 90' lang='lat' dir='ltr'>que,</span> <span class='ocrx_word' id='word_1_105' title='bbox 388 1753 467 1810; x_wconf 73' lang='lat' dir='ltr'>fretri</span> <span class='ocrx_word' id='word_1_106' title='bbox 494 1759 556 1823; x_wconf 82' lang='lat' dir='ltr'>sue,</span> <span class='ocrx_word' id='word_1_107' title='bbox 583 1752 671 1810; x_wconf 79' lang='lat' dir='ltr'>tredit</span> <span class='ocrx_word' id='word_1_108' title='bbox 698 1770 824 1826; x_wconf 89' lang='lat' dir='ltr'>eamque</span> <span class='ocrx_word' id='word_1_109' title='bbox 849 1752 879 1808; x_wconf 91' lang='lat' dir='ltr'>in</span> <span class='ocrx_word' id='word_1_110' title='bbox 904 1757 991 1825; x_wconf 76' lang='lat' dir='ltr'>porte</span> <span class='ocrx_word' id='word_1_111' title='bbox 1015 1753 1125 1827; x_wconf 79' lang='lat' dir='ltr'>agitere</span> <span class='ocrx_word' id='word_1_112' title='bbox 1150 1753 1245 1825; x_wconf 87' lang='lat' dir='ltr'>iubet,</span> <span class='ocrx_word' id='word_1_113' title='bbox 1269 1764 1301 1810; x_wconf 90' lang='lat' dir='ltr'>ut</span> 
     </span>
     <span class='ocr_line' id='line_1_15' title="bbox 294 1857 1300 1933; baseline 0.002 -18"><span class='ocrx_word' id='word_1_114' title='bbox 294 1865 318 1915; x_wconf 92' lang='lat' dir='ltr'>si</span> <span class='ocrx_word' id='word_1_115' title='bbox 346 1863 484 1916; x_wconf 89' lang='lat' dir='ltr'>exercere</span> <span class='ocrx_word' id='word_1_116' title='bbox 507 1858 632 1933; x_wconf 84' lang='lat' dir='ltr'>remiges</span> <span class='ocrx_word' id='word_1_117' title='bbox 656 1857 752 1928; x_wconf 91' lang='lat' dir='ltr'>vellet,</span> <span class='ocrx_word' id='word_1_118' title='bbox 774 1857 915 1931; x_wconf 68' lang='lat' dir='ltr'>cegitens</span> <span class='ocrx_word' id='word_1_119' title='bbox 936 1864 961 1914; x_wconf 91' lang='lat' dir='ltr'>si</span> <span class='ocrx_word' id='word_1_120' title='bbox 986 1858 1065 1914; x_wconf 80' lang='lat' dir='ltr'>ferte</span> <span class='ocrx_word' id='word_1_121' title='bbox 1090 1859 1220 1916; x_wconf 80' lang='lat' dir='ltr'>censiliis</span> <span class='ocrx_word' id='word_1_122' title='bbox 1249 1859 1300 1917; x_wconf 69' lang='lat' dir='ltr'>ob</span> 
     </span>
     <span class='ocr_line' id='line_1_16' title="bbox 246 1964 1299 2044; baseline -0.001 -22"><span class='ocrx_word' id='word_1_123' title='bbox 246 1999 270 2044; x_wconf 81' lang='lat'>¹5</span> <span class='ocrx_word' id='word_1_124' title='bbox 295 1965 415 2023; x_wconf 90' lang='lat' dir='ltr'>stitisset</span> <span class='ocrx_word' id='word_1_125' title='bbox 446 1966 577 2036; x_wconf 76' lang='lat' dir='ltr'>fertuna,</span> <span class='ocrx_word' id='word_1_126' title='bbox 606 1975 638 2021; x_wconf 95' lang='lat' dir='ltr'>ut</span> <span class='ocrx_word' id='word_1_127' title='bbox 669 1965 791 2022; x_wconf 88' lang='lat' dir='ltr'>haberet</span> <span class='ocrx_word' id='word_1_128' title='bbox 822 1970 881 2039; x_wconf 72' lang='lat' dir='ltr'>que</span> <span class='ocrx_word' id='word_1_129' title='bbox 912 1964 1064 2039; x_wconf 84' lang='lat' dir='ltr'>aufugeret</span> <span class='ocrx_word' id='word_1_130' title='bbox 1095 1964 1133 2022; x_wconf 92' lang='lat' dir='ltr'>ad</span> <span class='ocrx_word' id='word_1_131' title='bbox 1165 1965 1299 2022; x_wconf 74' lang='lat' dir='ltr'>saltitem.</span> 
     </span>
     <span class='ocr_line' id='line_1_17' title="bbox 295 2068 1299 2146; baseline -0.001 -16"><span class='ocrx_word' id='word_1_132' title='bbox 295 2072 420 2131; x_wconf 79' lang='lat' dir='ltr'>Suerum</span> <span class='ocrx_word' id='word_1_133' title='bbox 448 2081 547 2129; x_wconf 89' lang='lat' dir='ltr'>antem</span> <span class='ocrx_word' id='word_1_134' title='bbox 576 2075 593 2129; x_wconf 86' lang='lat' dir='ltr'>e</span> <span class='ocrx_word' id='word_1_135' title='bbox 622 2076 746 2128; x_wconf 82' lang='lat' dir='ltr'>numere</span> <span class='ocrx_word' id='word_1_136' title='bbox 772 2071 949 2146; x_wconf 69' lang='lat' dir='ltr'>Zacynthies</span> <span class='ocrx_word' id='word_1_137' title='bbox 977 2068 1183 2128; x_wconf 70' lang='lat' dir='ltr'>adulescentes</span> <span class='ocrx_word' id='word_1_138' title='bbox 1212 2076 1299 2146; x_wconf 83' lang='lat' dir='ltr'>ques-</span> 
     </span>
     <span class='ocr_line' id='line_1_18' title="bbox 294 2175 1299 2254; baseline -0.004 -17"><span class='ocrx_word' id='word_1_139' title='bbox 294 2179 365 2237; x_wconf 90' lang='lat' dir='ltr'>dam</span> <span class='ocrx_word' id='word_1_140' title='bbox 386 2178 467 2254; x_wconf 79' lang='lat' dir='ltr'>eligit</span> <span class='ocrx_word' id='word_1_141' title='bbox 491 2196 559 2234; x_wconf 93' lang='lat' dir='ltr'>cum</span> <span class='ocrx_word' id='word_1_142' title='bbox 584 2175 796 2235; x_wconf 74' lang='lat' dir='ltr'>audecissimes</span> <span class='ocrx_word' id='word_1_143' title='bbox 821 2187 884 2234; x_wconf 90' lang='lat' dir='ltr'>tnm</span> <span class='ocrx_word' id='word_1_144' title='bbox 907 2177 1015 2235; x_wconf 87' lang='lat' dir='ltr'>viribus</span> <span class='ocrx_word' id='word_1_145' title='bbox 1040 2176 1184 2247; x_wconf 71' lang='lat' dir='ltr'>menimis,</span> <span class='ocrx_word' id='word_1_146' title='bbox 1199 2183 1299 2251; x_wconf 87' lang='lat' dir='ltr'>eisque</span> 
     </span>
     <span class='ocr_line' id='line_1_19' title="bbox 295 2282 1299 2360; baseline -0.004 -17"><span class='ocrx_word' id='word_1_147' title='bbox 295 2285 347 2343; x_wconf 88' lang='lat' dir='ltr'>dat</span> <span class='ocrx_word' id='word_1_148' title='bbox 381 2285 542 2360; x_wconf 83' lang='lat' dir='ltr'>negetium,</span> <span class='ocrx_word' id='word_1_149' title='bbox 570 2282 609 2341; x_wconf 91' lang='lat' dir='ltr'>ad</span> <span class='ocrx_word' id='word_1_150' title='bbox 639 2283 768 2341; x_wconf 82' lang='lat' dir='ltr'>Dienem</span> <span class='ocrx_word' id='word_1_151' title='bbox 797 2293 866 2341; x_wconf 90' lang='lat' dir='ltr'>eant</span> <span class='ocrx_word' id='word_1_152' title='bbox 893 2284 1029 2354; x_wconf 90' lang='lat' dir='ltr'>inermes,</span> <span class='ocrx_word' id='word_1_153' title='bbox 1058 2289 1099 2339; x_wconf 91' lang='lat' dir='ltr'>sic</span> <span class='ocrx_word' id='word_1_154' title='bbox 1127 2292 1159 2339; x_wconf 91' lang='lat' dir='ltr'>nt</span> <span class='ocrx_word' id='word_1_155' title='bbox 1191 2300 1299 2339; x_wconf 87' lang='lat' dir='ltr'>conve-</span> 
     </span>
     <span class='ocr_line' id='line_1_20' title="bbox 294 2388 1300 2464; baseline 0 -18"><span class='ocrx_word' id='word_1_156' title='bbox 294 2388 396 2447; x_wconf 89' lang='lat' dir='ltr'>niendi</span> <span class='ocrx_word' id='word_1_157' title='bbox 420 2390 482 2447; x_wconf 92' lang='lat' dir='ltr'>eius</span> <span class='ocrx_word' id='word_1_158' title='bbox 506 2390 598 2464; x_wconf 73' lang='lat' dir='ltr'>gretie</span> <span class='ocrx_word' id='word_1_159' title='bbox 621 2388 790 2446; x_wconf 90' lang='lat' dir='ltr'>viderentur</span> <span class='ocrx_word' id='word_1_160' title='bbox 813 2395 922 2446; x_wconf 81' lang='lat' dir='ltr'>venire,</span> <span class='ocrx_word' id='word_1_161' title='bbox 965 2390 992 2445; x_wconf 87' lang='lat' dir='ltr'>Ii</span> <span class='ocrx_word' id='word_1_162' title='bbox 1016 2397 1139 2462; x_wconf 89' lang='lat' dir='ltr'>propter</span> <span class='ocrx_word' id='word_1_163' title='bbox 1162 2388 1300 2446; x_wconf 80' lang='lat' dir='ltr'>netitiam</span> 
     </span>
     <span class='ocr_line' id='line_1_21' title="bbox 243 2491 1298 2564; baseline -0.001 -12"><span class='ocrx_word' id='word_1_164' title='bbox 243 2531 272 2562; x_wconf 78' lang='lat'>20</span> <span class='ocrx_word' id='word_1_165' title='bbox 294 2504 361 2552; x_wconf 92' lang='lat' dir='ltr'>sunt</span> <span class='ocrx_word' id='word_1_166' title='bbox 382 2497 548 2551; x_wconf 76' lang='lat' dir='ltr'>intremissi.</span> <span class='ocrx_word' id='word_1_167' title='bbox 589 2496 628 2551; x_wconf 92' lang='lat' dir='ltr'>At</span> <span class='ocrx_word' id='word_1_168' title='bbox 649 2494 723 2551; x_wconf 89' lang='lat' dir='ltr'>illius</span> <span class='ocrx_word' id='word_1_169' title='bbox 744 2503 776 2550; x_wconf 91' lang='lat' dir='ltr'>nt</span> <span class='ocrx_word' id='word_1_170' title='bbox 797 2494 888 2551; x_wconf 87' lang='lat' dir='ltr'>limen</span> <span class='ocrx_word' id='word_1_171' title='bbox 908 2495 1058 2564; x_wconf 77' lang='lat' dir='ltr'>intrarant,</span> <span class='ocrx_word' id='word_1_172' title='bbox 1080 2491 1192 2551; x_wconf 82' lang='lat' dir='ltr'>foribus</span> <span class='ocrx_word' id='word_1_173' title='bbox 1213 2494 1298 2552; x_wconf 90' lang='lat' dir='ltr'>obse-</span> 
     </span>
     <span class='ocr_line' id='line_1_22' title="bbox 294 2598 1298 2674; baseline -0.001 -17"><span class='ocrx_word' id='word_1_174' title='bbox 294 2606 362 2658; x_wconf 72' lang='lat' dir='ltr'>retis</span> <span class='ocrx_word' id='word_1_175' title='bbox 382 2601 412 2657; x_wconf 90' lang='lat' dir='ltr'>in</span> <span class='ocrx_word' id='word_1_176' title='bbox 433 2601 512 2657; x_wconf 77' lang='lat' dir='ltr'>lecte</span> <span class='ocrx_word' id='word_1_177' title='bbox 535 2599 694 2657; x_wconf 89' lang='lat' dir='ltr'>cubantem</span> <span class='ocrx_word' id='word_1_178' title='bbox 719 2598 871 2669; x_wconf 73' lang='lat' dir='ltr'>invedunt,</span> <span class='ocrx_word' id='word_1_179' title='bbox 893 2599 1062 2674; x_wconf 76' lang='lat' dir='ltr'>conligant,</span> <span class='ocrx_word' id='word_1_180' title='bbox 1091 2599 1124 2656; x_wconf 91' lang='lat' dir='ltr'>fit</span> <span class='ocrx_word' id='word_1_181' title='bbox 1148 2599 1298 2673; x_wconf 91' lang='lat' dir='ltr'>strepitus,</span> 
     </span>
     <span class='ocr_line' id='line_1_23' title="bbox 294 2704 1298 2779; baseline -0.001 -17"><span class='ocrx_word' id='word_1_182' title='bbox 294 2704 371 2762; x_wconf 81' lang='lat' dir='ltr'>adee</span> <span class='ocrx_word' id='word_1_183' title='bbox 401 2714 433 2762; x_wconf 91' lang='lat' dir='ltr'>nt</span> <span class='ocrx_word' id='word_1_184' title='bbox 465 2704 596 2762; x_wconf 86' lang='lat' dir='ltr'>exaudiri</span> <span class='ocrx_word' id='word_1_185' title='bbox 630 2714 732 2778; x_wconf 88' lang='lat' dir='ltr'>posset</span> <span class='ocrx_word' id='word_1_186' title='bbox 766 2704 844 2762; x_wconf 84' lang='lat' dir='ltr'>foris.</span> <span class='ocrx_word' id='word_1_187' title='bbox 900 2705 969 2775; x_wconf 87' lang='lat' dir='ltr'>Hic,</span> <span class='ocrx_word' id='word_1_188' title='bbox 996 2711 1069 2762; x_wconf 86' lang='lat' dir='ltr'>sicut</span> <span class='ocrx_word' id='word_1_189' title='bbox 1103 2714 1172 2761; x_wconf 90' lang='lat' dir='ltr'>ante</span> <span class='ocrx_word' id='word_1_190' title='bbox 1208 2722 1298 2779; x_wconf 88' lang='lat' dir='ltr'>saepe</span> 
     </span>
     <span class='ocr_line' id='line_1_24' title="bbox 293 2809 1297 2885; baseline 0.001 -18"><span class='ocrx_word' id='word_1_191' title='bbox 293 2810 407 2867; x_wconf 92' lang='lat' dir='ltr'>dictum</span> <span class='ocrx_word' id='word_1_192' title='bbox 435 2821 489 2881; x_wconf 91' lang='lat' dir='ltr'>est,</span> <span class='ocrx_word' id='word_1_193' title='bbox 514 2828 604 2884; x_wconf 92' lang='lat' dir='ltr'>quam</span> <span class='ocrx_word' id='word_1_194' title='bbox 631 2810 724 2867; x_wconf 87' lang='lat' dir='ltr'>invisa</span> <span class='ocrx_word' id='word_1_195' title='bbox 752 2810 789 2867; x_wconf 92' lang='lat' dir='ltr'>sit</span> <span class='ocrx_word' id='word_1_196' title='bbox 813 2809 965 2885; x_wconf 58' lang='lat' dir='ltr'>singularis</span> <span class='ocrx_word' id='word_1_197' title='bbox 994 2810 1128 2884; x_wconf 86' lang='lat' dir='ltr'>potentia</span> <span class='ocrx_word' id='word_1_198' title='bbox 1156 2820 1186 2868; x_wconf 90' lang='lat' dir='ltr'>et</span> <span class='ocrx_word' id='word_1_199' title='bbox 1212 2812 1297 2868; x_wconf 89' lang='lat' dir='ltr'>mise·</span> 
     </span>
     <span class='ocr_line' id='line_1_25' title="bbox 293 2915 1298 2991; baseline -0.001 -18"><span class='ocrx_word' id='word_1_200' title='bbox 293 2915 386 2973; x_wconf 90' lang='lat' dir='ltr'>randa</span> <span class='ocrx_word' id='word_1_201' title='bbox 406 2922 473 2987; x_wconf 88' lang='lat' dir='ltr'>vita,</span> <span class='ocrx_word' id='word_1_202' title='bbox 495 2920 597 2990; x_wconf 88' lang='lat' dir='ltr'>quise</span> <span class='ocrx_word' id='word_1_203' title='bbox 620 2922 711 2973; x_wconf 89' lang='lat' dir='ltr'>metui</span> <span class='ocrx_word' id='word_1_204' title='bbox 730 2934 820 2991; x_wconf 89' lang='lat' dir='ltr'>quam</span> <span class='ocrx_word' id='word_1_205' title='bbox 842 2922 934 2973; x_wconf 70' lang='lat' dir='ltr'>ameri</span> <span class='ocrx_word' id='word_1_206' title='bbox 954 2916 1075 2987; x_wconf 74' lang='lat' dir='ltr'>melum,</span> <span class='ocrx_word' id='word_1_207' title='bbox 1097 2922 1188 2973; x_wconf 87' lang='lat' dir='ltr'>cnivis</span> <span class='ocrx_word' id='word_1_208' title='bbox 1212 2916 1298 2973; x_wconf 83' lang='lat' dir='ltr'>facile</span> 
     </span>
     <span class='ocr_line' id='line_1_26' title="bbox 243 3022 1300 3105; baseline 0 -26"><span class='ocrx_word' id='word_1_209' title='bbox 243 3059 268 3105; x_wconf 79' lang='lat'>²5</span> <span class='ocrx_word' id='word_1_210' title='bbox 293 3023 444 3081; x_wconf 80' lang='lat' dir='ltr'>intellectu</span> <span class='ocrx_word' id='word_1_211' title='bbox 476 3022 538 3080; x_wconf 87' lang='lat' dir='ltr'>suit.</span> <span class='ocrx_word' id='word_1_212' title='bbox 595 3023 733 3096; x_wconf 91' lang='lat' dir='ltr'>Namque</span> <span class='ocrx_word' id='word_1_213' title='bbox 763 3022 804 3079; x_wconf 86' lang='lat' dir='ltr'>illi</span> <span class='ocrx_word' id='word_1_214' title='bbox 834 3022 891 3095; x_wconf 89' lang='lat' dir='ltr'>ipsi</span> <span class='ocrx_word' id='word_1_215' title='bbox 924 3022 1073 3093; x_wconf 78' lang='lat' dir='ltr'>custedes,</span> <span class='ocrx_word' id='word_1_216' title='bbox 1102 3027 1126 3078; x_wconf 89' lang='lat' dir='ltr'>si</span> <span class='ocrx_word' id='word_1_217' title='bbox 1159 3026 1300 3096; x_wconf 74' lang='lat' dir='ltr'>prempte</span> 
     </span>
     <span class='ocr_line' id='line_1_27' title="bbox 293 3126 1299 3201; baseline -0.002 -15"><span class='ocrx_word' id='word_1_218' title='bbox 293 3129 415 3187; x_wconf 82' lang='lat' dir='ltr'>fuissent</span> <span class='ocrx_word' id='word_1_219' title='bbox 434 3128 595 3198; x_wconf 72' lang='lat' dir='ltr'>voluntete,</span> <span class='ocrx_word' id='word_1_220' title='bbox 618 3127 728 3185; x_wconf 85' lang='lat' dir='ltr'>foribus</span> <span class='ocrx_word' id='word_1_221' title='bbox 749 3127 874 3185; x_wconf 70' lang='lat' dir='ltr'>effrectis</span> <span class='ocrx_word' id='word_1_222' title='bbox 896 3133 1011 3185; x_wconf 72' lang='lat' dir='ltr'>servere</span> <span class='ocrx_word' id='word_1_223' title='bbox 1033 3146 1101 3185; x_wconf 91' lang='lat' dir='ltr'>eum</span> <span class='ocrx_word' id='word_1_224' title='bbox 1122 3126 1299 3201; x_wconf 89' lang='lat' dir='ltr'>potuissent,</span> 
     </span>
    </p>
   </div>
   <div class='ocr_carea' id='block_1_3' title="bbox 243 3232 1300 3836">
    <p class='ocr_par' dir='ltr' id='par_1_3' title="bbox 292 3232 1300 3521">
     <span class='ocr_line' id='line_1_28' title="bbox 293 3232 1298 3313; baseline -0.002 -22"><span class='ocrx_word' id='word_1_225' title='bbox 293 3232 392 3313; x_wconf 86' lang='lat' dir='ltr'>quoad</span> <span class='ocrx_word' id='word_1_226' title='bbox 417 3234 457 3291; x_wconf 88' lang='lat' dir='ltr'>illi</span> <span class='ocrx_word' id='word_1_227' title='bbox 480 3234 608 3291; x_wconf 89' lang='lat' dir='ltr'>inermes</span> <span class='ocrx_word' id='word_1_228' title='bbox 631 3233 721 3291; x_wconf 89' lang='lat' dir='ltr'>telum</span> <span class='ocrx_word' id='word_1_229' title='bbox 747 3233 816 3291; x_wconf 82' lang='lat' dir='ltr'>fon&#39;s</span> <span class='ocrx_word' id='word_1_230' title='bbox 841 3234 1005 3308; x_wconf 74' lang='lat' dir='ltr'>flegitantes</span> <span class='ocrx_word' id='word_1_231' title='bbox 1025 3240 1124 3291; x_wconf 88' lang='lat' dir='ltr'>vivum</span> <span class='ocrx_word' id='word_1_232' title='bbox 1145 3234 1298 3291; x_wconf 86' lang='lat' dir='ltr'>tenebant.</span> 
     </span>
     <span class='ocr_line' id='line_1_29' title="bbox 293 3339 1300 3414; baseline -0.004 -15"><span class='ocrx_word' id='word_1_233' title='bbox 293 3340 349 3399; x_wconf 86' lang='lat' dir='ltr'>Cui</span> <span class='ocrx_word' id='word_1_234' title='bbox 370 3358 438 3396; x_wconf 91' lang='lat' dir='ltr'>cum</span> <span class='ocrx_word' id='word_1_235' title='bbox 460 3348 643 3397; x_wconf 89' lang='lat' dir='ltr'>succurreret</span> <span class='ocrx_word' id='word_1_236' title='bbox 663 3343 763 3410; x_wconf 79' lang='lat' dir='ltr'>neme,</span> <span class='ocrx_word' id='word_1_237' title='bbox 780 3340 860 3414; x_wconf 77' lang='lat' dir='ltr'>Lyce</span> <span class='ocrx_word' id='word_1_238' title='bbox 882 3340 1002 3414; x_wconf 89' lang='lat' dir='ltr'>quidam</span> <span class='ocrx_word' id='word_1_239' title='bbox 1024 3339 1223 3414; x_wconf 72' lang='lat' dir='ltr'>syracusanus</span> <span class='ocrx_word' id='word_1_240' title='bbox 1245 3357 1300 3414; x_wconf 91' lang='lat' dir='ltr'>per</span> 
     </span>
     <span class='ocr_line' id='line_1_30' title="bbox 292 3444 1167 3521; baseline -0.002 -17"><span class='ocrx_word' id='word_1_241' title='bbox 292 3447 451 3504; x_wconf 73' lang='lat' dir='ltr'>fenestram</span> <span class='ocrx_word' id='word_1_242' title='bbox 472 3444 602 3521; x_wconf 82' lang='lat' dir='ltr'>gladium</span> <span class='ocrx_word' id='word_1_243' title='bbox 624 3444 717 3516; x_wconf 88' lang='lat' dir='ltr'>dedit,</span> <span class='ocrx_word' id='word_1_244' title='bbox 739 3450 799 3519; x_wconf 76' lang='lat' dir='ltr'>qne</span> <span class='ocrx_word' id='word_1_245' title='bbox 822 3446 902 3503; x_wconf 71' lang='lat' dir='ltr'>Diem</span> <span class='ocrx_word' id='word_1_246' title='bbox 922 3445 1093 3503; x_wconf 85' lang='lat' dir='ltr'>interfectus</span> <span class='ocrx_word' id='word_1_247' title='bbox 1114 3454 1167 3502; x_wconf 88' lang='lat' dir='ltr'>est.</span> 
     </span>
    </p>

    <p class='ocr_par' dir='ltr' id='par_1_4' title="bbox 243 3549 1299 3836">
     <span class='ocr_line' id='line_1_31' title="bbox 243 3549 1299 3637; baseline -0.003 -28"><span class='ocrx_word' id='word_1_248' title='bbox 243 3590 270 3637; x_wconf 87' lang='lat'>30</span> <span class='ocrx_word' id='word_1_249' title='bbox 332 3554 368 3609; x_wconf 87' lang='lat' dir='ltr'>X.</span> <span class='ocrx_word' id='word_1_250' title='bbox 398 3550 545 3610; x_wconf 75' lang='lat' dir='ltr'>Cenfecte</span> <span class='ocrx_word' id='word_1_251' title='bbox 571 3550 673 3621; x_wconf 87' lang='lat' dir='ltr'>caede,</span> <span class='ocrx_word' id='word_1_252' title='bbox 703 3568 771 3607; x_wconf 91' lang='lat' dir='ltr'>cum</span> <span class='ocrx_word' id='word_1_253' title='bbox 800 3550 957 3608; x_wconf 77' lang='lat' dir='ltr'>multitflde</span> <span class='ocrx_word' id='word_1_254' title='bbox 988 3550 1101 3608; x_wconf 87' lang='lat' dir='ltr'>visendi</span> <span class='ocrx_word' id='word_1_255' title='bbox 1131 3550 1225 3624; x_wconf 72' lang='lat' dir='ltr'>gretie</span> <span class='ocrx_word' id='word_1_256' title='bbox 1255 3549 1299 3606; x_wconf 93' lang='lat' dir='ltr'>in-</span> 
     </span>
     <span class='ocr_line' id='line_1_32' title="bbox 292 3655 1299 3730; baseline -0.002 -15"><span class='ocrx_word' id='word_1_257' title='bbox 292 3664 417 3729; x_wconf 87' lang='lat' dir='ltr'>troisset,</span> <span class='ocrx_word' id='word_1_258' title='bbox 439 3657 572 3715; x_wconf 79' lang='lat' dir='ltr'>nennr‘tlli</span> <span class='ocrx_word' id='word_1_259' title='bbox 593 3657 631 3715; x_wconf 90' lang='lat' dir='ltr'>ab</span> <span class='ocrx_word' id='word_1_260' title='bbox 651 3657 751 3714; x_wconf 89' lang='lat' dir='ltr'>insciis</span> <span class='ocrx_word' id='word_1_261' title='bbox 773 3662 827 3730; x_wconf 80' lang='lat' dir='ltr'>pre</span> <span class='ocrx_word' id='word_1_262' title='bbox 848 3657 942 3715; x_wconf 88' lang='lat' dir='ltr'>noxiis</span> <span class='ocrx_word' id='word_1_263' title='bbox 965 3655 1190 3718; x_wconf 75' lang='lat' dir='ltr'>conciduntur.v</span> <span class='ocrx_word' id='word_1_264' title='bbox 1217 3657 1299 3713; x_wconf 90' lang='lat' dir='ltr'>Nam</span> 
     </span>
     <span class='ocr_line' id='line_1_33' title="bbox 292 3762 1299 3836; baseline -0.005 -11"><span class='ocrx_word' id='word_1_265' title='bbox 292 3763 380 3825; x_wconf 84' lang='lat' dir='ltr'>celeri</span> <span class='ocrx_word' id='word_1_266' title='bbox 404 3768 521 3825; x_wconf 77' lang='lat' dir='ltr'>remere</span> <span class='ocrx_word' id='word_1_267' title='bbox 546 3762 760 3836; x_wconf 62' lang='lat' dir='ltr'>dilatantem</span> <span class='ocrx_word' id='word_1_268' title='bbox 782 3762 842 3821; x_wconf 89' lang='lat' dir='ltr'>vim</span> <span class='ocrx_word' id='word_1_269' title='bbox 866 3762 1006 3834; x_wconf 72' lang='lat' dir='ltr'>adletam,</span> <span class='ocrx_word' id='word_1_270' title='bbox 1029 3763 1113 3820; x_wconf 87' lang='lat' dir='ltr'>multi</span> <span class='ocrx_word' id='word_1_271' title='bbox 1140 3780 1299 3821; x_wconf 86' lang='lat' dir='ltr'>concurre·</span> 
     </span>
    </p>
   </div>
   <div class='ocr_carea' id='block_1_4' title="bbox 0 0 1414 4245">
    <p class='ocr_par' dir='ltr' id='par_1_5' title="bbox 0 0 1414 4245">
     <span class='ocr_line' id='line_1_34' title="bbox 0 0 1414 4245; baseline 0 0"><span class='ocrx_word' id='word_1_272' title='bbox 0 0 1414 4245; x_wconf 95' lang='lat' dir='ltr'> </span> 
     </span>
    </p>
   </div>
  </div>
 </body>
</html>
