2817 4250
520 323 689 373 CORNELII
712 323 860 374 NEPOTIS
882 322 988 374 VITAE
1232 321 1284 391 [lv.

278 503 363 567 peret
390 474 557 570 pectiniam
586 494 755 554 addocobat
787 513 854 554 eum
886 503 938 571 qui
968 497 1128 571 quaerobat
1159 496 1198 555 ad
1231 502 1284 556 eos

277 605 328 673 qui
361 600 563 673 conserobant‚
592 607 678 676 eique
713 611 745 659 ut
780 602 836 677 ipsi
866 608 1054 661 numerorent
1087 602 1222 676 saciobat‚
1249 613 1284 661 ut

277 704 326 762 ille
352 705 391 763 ad
419 724 509 781 quem
538 724 574 765 ea
602 711 648 765 ros
672 708 864 783 perveniobat
888 714 976 767 sciret
1004 717 1147 783 quantum
1176 714 1283 783 cuique

277 809 411 870 doboret.

242 941 252 986 5
318 917 368 974 1v.
398 918 559 991 Temptota
573 928 673 975 autem
695 920 757 976 oius
779 929 824 977 est
845 919 1021 978 abstinentia
1041 927 1059 979 o
1081 920 1284 979 Diomedonte

277 1022 446 1097 cyzicono:
486 1041 614 1098 namque
649 1022 674 1080 is
708 1028 811 1099 rogotir
845 1023 1013 1081 Artaxerxis
1047 1024 1122 1098 rogis
1162 1023 1282 1098 Epami-

277 1129 408 1186 nondam
434 1129 561 1203 peconio
584 1127 836 1203 corrumpendum
861 1133 1039 1204 suscoperat.
1083 1129 1145 1186 Hic
1173 1132 1283 1203 mogno

278 1253 347 1291 cum
381 1233 514 1309 pondere
549 1240 611 1292 auri
644 1234 763 1293 Thobos
797 1235 877 1293 vonit
916 1245 945 1293 et
980 1235 1146 1309 Micythum
1181 1233 1282 1293 adulo-

277 1341 451 1412 scentuium,
477 1359 566 1415 quem
595 1350 658 1399 tum
689 1339 912 1415 Epaminondas
942 1340 1101 1415 plorimum
1132 1340 1281 1415 diligobat,

229 1476 255 1506 ιο
277 1452 406 1520 quinque
428 1446 544 1504 talentis
565 1446 604 1504 ad
629 1465 712 1504 suam
737 1446 875 1522 perdoxit
898 1447 1089 1504 voluntitem.
1132 1446 1282 1522 Micythus

279 1552 517 1626 Epaminondam
539 1553 678 1610 convonit
702 1561 734 1610 et
757 1570 877 1610 causam
901 1552 1046 1611 adventiis
1071 1551 1282 1610 Diomedontis

278 1657 417 1717 ostendit.
1095 1663 1097 1668 '

318 1761 428 1822 Atille
454 1762 649 1822 Diomedonti
677 1768 778 1822 coram
804 1763 942 1835 “Nihil,”
969 1763 1073 1838 inquit,
1099 1767 1202 1838 “opus
1230 1780 1281 1838 pe-

279 1871 366 1928 ctinio
390 1881 434 1928 est
445 1891 453 1941 ;
485 1889 554 1927 nam
579 1876 603 1928 si
624 1874 676 1927 rox
696 1888 733 1928 ea
752 1869 814 1927 vult
835 1887 911 1944 quae
931 1869 1080 1929 Thobonis
1101 1878 1169 1927 sunt
1190 1869 1281 1940 otilia,

230 2000 254 2047 ¹5
277 1977 375 2052 grotiis
396 1978 492 2035 facere
514 1995 577 2034 sum
600 1981 727 2052 paratus,
749 1981 913 2034 sinautem
935 1976 1090 2046 controna,
1109 1980 1171 2033 non
1193 1975 1282 2033 habet

279 2089 341 2141 aun·
364 2093 453 2158 atque
477 2088 589 2159 argenti
614 2082 691 2141 satis.
735 2082 873 2157 Namque
898 2082 977 2141 orbis
1001 2087 1142 2141 terrorum
1168 2081 1282 2140 divitiis

278 2190 414 2263 accipere
435 2188 505 2246 nolo
527 2194 580 2263 pro
602 2189 714 2263 patriae
735 2190 864 2248 caritate.
906 2189 952 2246 To
974 2188 1055 2263 quod
1077 2192 1125 2245 mo
1150 2187 1281 2263 incogni-

278 2310 339 2355 tum
355 2303 505 2371 temptasti
520 2302 619 2369 tuique
637 2296 762 2352 similem
778 2295 958 2364 existimosti,
973 2298 1034 2350 non
1056 2299 1145 2351 miror
1169 2294 1281 2369 tibique

278 2404 400 2473 ignosco
412 2419 420 2471 ;
449 2396 502 2455 sed
527 2397 668 2473 egredere
693 2402 829 2472 propero,
854 2402 893 2455 no
914 2398 987 2456 alios
1010 2404 1191 2473 cornrmpos‚
1214 2418 1281 2456 cum

229 2530 257 2561 κο
279 2509 327 2562 mo
353 2509 412 2561 non
437 2504 577 2578 potueris.
620 2505 660 2561 Et
682 2508 724 2575 to,
746 2503 888 2577 Micythe‚
909 2515 1062 2579 argentum
1085 2504 1154 2561 huic
1179 2504 1281 2575 redde,

279 2621 338 2681 aut,
363 2610 418 2667 nisi
447 2608 477 2667 id
505 2610 661 2667 confestim
689 2608 769 2681 facis,
793 2627 850 2684 ego
874 2614 904 2668 to
931 2608 1045 2668 trodam
1074 2610 1281 2685 magistrotui.”

281 2719 370 2774 Hunc
393 2715 564 2774 Diomedon
585 2732 651 2771 cum
674 2720 800 2790 rogoret,
823 2726 854 2773 ut
880 2720 943 2774 tirto
968 2721 1047 2773 exire
1071 2733 1191 2790 suaque,
1207 2732 1281 2789 quae

278 2823 423 2893 attulerat,
438 2822 539 2880 licoret
564 2820 676 2893 efferre,
698 2820 812 2879 “Istud
836 2820 989 2895 quidem,'’
1011 2820 1116 2895 inquit,
1138 2820 1281 2893 “saciam,

278 2946 376 3002 neque
398 2933 448 2985 tuo
468 2932 564 2998 causo,
580 2926 634 2985 sed
656 2932 731 2997 meo,
746 2931 793 2997 no,
809 2932 833 2984 si
854 2926 907 2985 tibi
928 2926 964 2985 sit
986 2927 1111 3001 peconia
1132 2927 1280 3002 adompta‚

229 3062 254 3108 ²5
278 3034 383 3108 aliquis
404 3034 483 3091 dicat
504 3033 535 3090 id
557 3031 595 3090 ad
617 3036 665 3089 mo
687 3036 822 3107 oreptum
847 3032 1024 3106 pervonisse,
1046 3031 1127 3107 quod
1151 3031 1280 3091 dolitum

279 3140 416 3213 accipere
437 3138 626 3196 noluissem.”

319 3230 344 3302 Ᾰ
373 3249 433 3318 quo
462 3261 530 3299 cum
558 3249 728 3317 quaesisset,
756 3248 817 3318 quo
846 3248 877 3301 so
905 3242 1016 3301 dodoci
1046 3244 1143 3316 vellet,
1173 3253 1203 3302 et
1235 3244 1281 3302 ille

279 3350 409 3409 Athonos
443 3349 573 3421 dixisset,
604 3348 784 3423 praesidium
818 3347 913 3421 dedit,
940 3359 973 3406 ut
1007 3354 1071 3408 toto
1105 3356 1280 3425 perveniret.

280 3457 387 3531 Neque
416 3459 486 3513 voro
514 3453 544 3512 id
573 3454 641 3512 satis
669 3453 781 3525 habuit,
807 3454 860 3513 sed
889 3455 988 3527 etiam,
1010 3466 1043 3512 ut
1070 3455 1225 3514 inviolotus
1252 3455 1281 3513 in

229 3593 256 3637 30
278 3568 384 3621 novem
412 3560 595 3631 escenderet,
625 3577 679 3635 per
710 3560 870 3619 Chabriam
898 3561 1119 3632 Athonionsem
1148 3562 1187 3619 do
1222 3566 1282 3636 quo

279 3675 367 3745 supro
390 3667 574 3727 mentionem
598 3666 737 3738 focimu5‚
762 3666 873 3724 effocit.
915 3666 1119 3725 Abstinentiae
1144 3667 1200 3725 erit
1224 3666 1282 3725 hoc

280 3777 348 3835 satis
382 3772 593 3833 testimonium.
626 3770 777 3829 'Plorima
809 3770 930 3845 quidem
958 3772 1088 3846 proferre
1115 3790 1282 3847 possumus,
