2817 4250
157 325 213 388 m]
579 295 792 375 lrfflctmrsss
1172 327 1210 393 53

155 504 262 556 eorum
291 498 407 574 fugavit,
436 504 496 573 qud
525 499 603 556 sact6
632 505 769 574 magnam
798 498 924 574 adeptus
952 509 997 557 est
1026 500 1160 574 gidriam.

155 605 237 662 Cum
272 606 445 662 Artaxerxes
484 604 631 679 Aegyptio
670 608 731 679 rogi
769 604 876 662 bellum
906 605 1021 662 ‘inferre
1059 605 1160 675 voluit,

155 697 329 784 Iphicraten
357 711 394 768 ab
422 710 652 768 Ath'e'nidnsibus
680 710 790 768 ducem
819 712 930 784 petivit,
960 729 1048 785 quem
1076 729 1160 785 prae·

154 817 260 874 ficeret
298 817 437 874 exercitui
474 815 674 886 conductitio,
709 816 793 874 cuius
827 834 965 873 numerus
1000 817 1161 875 duodecim

155 922 271 979 milium
300 922 362 980 suit.
407 922 505 996 Quem
533 921 655 996 quidem
684 928 726 978 sic
754 928 836 980 omni
863 922 1020 996 disciplina
1047 922 1162 980 militari
1186 945 1196 992 5

154 1027 292 1100 erudivit,
320 1038 354 1085 ut
380 1046 468 1102 quem
498 1027 536 1085 ad
566 1027 688 1086 modum
717 1027 869 1101 quondam
903 1028 1024 1086 Fabiani
1055 1028 1161 1086 milites

155 1137 284 1205 Romae,
305 1140 347 1192 sic
374 1120 592 1208 iphicratens'es
617 1133 695 1208 apud
723 1135 855 1192 Graecos
879 1134 910 1191 in
934 1139 1050 1192 summa
1074 1132 1161 1192 laude

154 1241 274 1298 suerint.

196 1332 286 1403 Idem
316 1345 446 1404 subsidio
475 1346 719 1404 Lacedaemoniis
751 1346 901 1420 profectus
933 1346 1160 1420 Epaminondae

154 1451 317 1510 retardavit
351 1453 478 1526 impetus
489 1473 497 1524 ;
533 1471 602 1509 nam
636 1453 691 1510 nisi
728 1452 790 1510 e'ius
825 1451 967 1510 adventus
1002 1459 1160 1527 appropin—
1186 1469 1212 1498 10

153 1564 284 1632 quisset,
313 1563 374 1616 non
404 1558 483 1632 prius
517 1558 653 1616 Thebani
687 1558 791 1632 Sparta
824 1559 1043 1628 abscessissent,
1072 1576 1161 1632 quam

153 1675 276 1739 captam
298 1664 438 1722 incendic
459 1664 615 1722 delessent.

198 1772 256 1828 III.
287 1770 356 1827 Fuit
377 1780 476 1827 autem
500 1780 530 1827 et
553 1770 652 1828 anim6
675 1769 834 1845 magnd'et
855 1788 980 1845 corpore
1001 1770 1159 1845 imperato-

153 1878 258 1950 riaque
281 1876 389 1948 forma,
403 1886 437 1933 ut
457 1875 522 1950 ipsd
543 1880 665 1950 aspectu
685 1881 775 1932 cuivis
793 1875 918 1933 iniceret
936 1873 1161 1934 admirationem

144 1989 209 2052 sui,
239 1982 293 2040 sed
321 1982 351 2038 in
379 1981 480 2039 labdre
508 1982 594 2039 nimis
622 1987 758 2039 remissus
787 1999 948 2056 parumque
977 1982 1100 2055 patiens,
1130 1991 1161 2039 ut
1186 2006 1210 2052 ις

145 2089 371 2164 'Theopompus
393 2088 553 2147 memoriae
575 2086 717 2163 prodidit,
740 2086 835 2147 bonus
855 2092 926 2147 verd
947 2087 1017 2146 civis
1042 2087 1160 2163 fideque

147 2201 273 2269 :magna
315 2194 406 2269 Quod
427 2213 496 2252 cum
517 2194 547 2253 in
568 2195 631 2253 aliis
651 2195 738 2253 rebus
759 2193 927 2265 declaravit,
950 2204 1011 2251 tum
1034 2195 1161 2252 maxime

146 2302 188 2358 ‘in
216 2304 360 2377 Amyntae
389 2301 565 2360 Macedonis
594 2300 691 2359 liberis
719 2299 843 2358 tuendis.
902 2301 1039 2374 Namque
1069 2301 1159 2375 Eury·

149 2408 236 2479 dioc,
258 2412 353 2466 mater
374 2408 533 2466 Perdiccae
555 2417 585 2465 et
606 2407 743 2481 Philippi,
765 2426 834 2464 cum
855 2407 898 2464 his
922 2407 1039 2465 duobus
1064 2413 1161 2481 pueris

151 2517 287 2589 Amynta
314 2520 432 2573 mortus)
460 2514 498 2573 ad
531 2500 701 2588 iphicraten
733 2513 871 2587 cdnsugit
902 2513 1023 2588 Eiusque
1055 2514 1161 2588 opibus
1184 2539 1212 2570 20

151 2620 288 2679 defensa
314 2631 366 2678 est.
408 2620 488 2677 Vixit
513 2620 551 2677 ad
576 2624 760 2677 senectutem
785 2619 906 2694 placatis
932 2619 961 2675 in
986 2624 1018 2676 se
1043 2624 1160 2677 suomm

152 2726 265 2783 civium
287 2726 400 2784 animis
443 2727 571 2784 Causam
596 2726 701 2799 capitis
726 2724 819 2782 semel
844 2725 926 2795 dixit,
948 2724 1026 2782 bello
1051 2725 1160 2794 sociali,

153 2832 245 2890 simul
266 2850 334 2889 cum
354 2831 523 2903 Timotheo,
546 2837 641 2905 edque
663 2829 774 2888 iudicio
795 2840 840 2888 est
860 2830 1019 2888 absolutus

199 2939 376 2996 Menesthea
410 2938 507 2995 silium
542 2938 657 3012 reliquit
691 2956 729 2994 ex
764 2936 909 2993 Thraessa
946 2942 1056 3008 natum,
1093 2938 1162 2995 Coti

154 3044 234 3118 regis
263 3044 332 3101 sssia.
378 3044 407 3101 Is
435 3062 504 3100 cum
532 3043 767 3117 interrogaretur,
793 3052 890 3098 utrum
918 3042 1017 3116 phiris
1047 3052 1161 3115 patrem
1185 3069 1210 3113 25

155 3156 332 3219 matremne,
358 3150 477 3219 faceret,
504 3150 690 3219 “Matrem”
716 3148 820 3221 inquit.
863 3147 899 3205 Id
927 3167 996 3204 cum
1025 3148 1162 3205 omnihus

156 3263 265 3313 mirum
294 3254 450 3327 vidcretur,
478 3265 508 3312 at
536 3255 583 3311 ille
612 3254 781 3325 “Merito‘’
806 3254 909 3327 inquit,
938 3257 957 3284 “
967 3254 1044 3311 facio
1055 3275 1063 3325 3
1092 3271 1161 3309 nam

156 3372 252 3437 pater,
271 3372 412 3435 quantum
434 3361 464 3417 in
486 3365 517 3418 se
539 3360 601 3431 suit,
617 3360 783 3417 Thraecem
806 3364 854 3416 me
874 3359 985 3434 genuit,
1004 3364 1107 3416 contra
1127 3376 1162 3415 ea

156 3473 253 3524 mater
275 3467 515 3525 Athenionseml'
