2817 4250
122 333 222 396 1v.,v.]
615 329 705 379 DION
923 380 926 386 ,
1140 334 1182 398 47

122 507 321 581 Syracusanis.
369 489 396 561 Ᾱ
422 509 481 578 quai
507 503 657 561 voluntate
686 503 798 561 Philisti
825 503 948 562 consilio
975 502 1132 565 deterritus

122 611 276 686 aliquanto
298 609 444 667 crudelior
466 627 530 667 esse
553 609 661 683 coepit.
965 607 970 617 ’

165 717 218 774 IV.
249 717 309 791 Qui
342 714 464 789 quidem
500 733 568 772 curn
604 721 621 772 a
656 715 755 772 Dione
789 719 821 771 εδ
856 721 985 790 superari
1017 715 1132 775 videret

123 824 252 898 ingenio,
285 821 469 892 auctoritate,
502 827 603 878 amore
637 820 749 896 populi,
782 825 886 879 verens
920 826 969 893 ηδ,
1003 828 1028 879 εἰ
1062 841 1129 880 eum

122 934 225 987 secum
248 928 379 998 haberet,
400 928 528 1002 aliquam
550 927 740 984 occasionem
762 933 806 984 sui
827 927 911 984 daret
932 927 1131 1002 opprimendi,
1155 952 1166 998 5

122 1041 230 1093 navem
261 1041 289 1091 ei
324 1034 474 1091 triremem
506 1033 599 1105 dedit,
629 1039 687 1107 quai
720 1033 896 1100 Corinthum
926 1032 1130 1106 deveheretur,

122 1141 285 1199 ostendens
311 1144 342 1196 εδ
367 1139 398 1197 id
420 1146 570 1214 utriusque
597 1139 693 1196 facere
720 1145 817 1210 causa,
839 1144 885 1210 ηδ,
908 1158 976 1197 cum
998 1141 1075 1198 inter
1099 1146 1131 1199 εδ

123 1248 273 1318 timerent,
289 1247 428 1303 alteruter
448 1245 571 1303 alterum
594 1252 836 1321 praeoccuparet.
879 1245 915 1303 Id
933 1264 1002 1303 curn
1019 1246 1130 1304 factum

124 1353 208 1411 multi
245 1352 467 1427 indignarentur
503 1357 687 1426 magnaeque
722 1361 799 1409 esset
834 1352 961 1410 invidiae
997 1359 1128 1428 tyranno,

123 1459 285 1534 Dionysius
310 1457 419 1528 omnia,
444 1475 521 1531 quae
547 1463 657 1516 moveri
681 1468 819 1532 poterant
843 1458 957 1530 Dionis,
982 1459 1012 1515 in
1041 1465 1130 1518 naves
1156 1487 1180 1517 ιο

122 1565 266 1640 imposuit
291 1562 330 1621 ad
354 1581 481 1638 eumque
508 1563 595 1622 misit.
637 1565 683 1622 Sic
710 1564 788 1621 enim
817 1565 975 1622 existimari
1002 1565 1128 1637 volebat,

123 1671 154 1730 id
181 1675 213 1728 εδ
238 1676 299 1728 non
328 1668 399 1728 odio
428 1669 565 1741 hominis,
588 1669 641 1728 sed
669 1687 739 1728 suae
768 1670 867 1727 salitis
896 1670 1005 1728 secisse
1032 1678 1127 1729 causa.

124 1780 233 1835 Postea
260 1782 331 1835 νδῐό
359 1794 448 1850 quam
477 1776 588 1835 audivit
617 1794 684 1833 eum
715 1776 746 1832 in
774 1776 981 1850 Peloponneso
1009 1796 1128 1835 manum

122 1889 299 1958 comparare
329 1883 443 1956 sibique
472 1882 582 1940 bellum
611 1882 709 1939 lacere
737 1887 845 1953 conari,
875 1884 993 1954 Areten,
1023 1884 1129 1941 Dionis

122 1994 258 2060 uxorem,
286 1988 335 2046 alii
369 1993 494 2062 nirptum
530 1987 615 2046 dedit
650 1988 806 2062 liliumque
841 1988 903 2045 eins
938 1995 978 2045 sic
1010 1988 1129 2046 educari
1154 2013 1178 2059 15

123 2095 216 2167 iussit,
238 2104 270 2153 ut
297 2093 481 2169 indulgendo
508 2094 680 2169 turpissimis
704 2094 886 2154 imbueretur
909 2094 1128 2169 cupiditatibus.

123 2204 205 2260 Nam
224 2220 298 2277 puer
321 2208 390 2259 vinti
409 2202 560 2276 epulisque
581 2201 769 2272 obruEbatun
784 2219 880 2276 neque
900 2201 992 2259 iillum
1013 2212 1129 2277 tempus

122 2308 225 2367 sobrio
252 2307 480 2382 relinquebatur.
523 2309 552 2365 Is
580 2325 673 2381 nsque
699 2312 736 2364 eti
762 2313 839 2363 vitae
864 2316 972 2365 statum
996 2314 1129 2366 commir-

122 2420 219 2471 taitum
244 2414 319 2471 ferre
344 2418 405 2471 non
430 2413 535 2488 potuit,
558 2423 716 2487 postquam
740 2413 770 2470 in
792 2413 918 2487 patriam
938 2413 1026 2471 rediit
1047 2424 1130 2489 pater

122 2537 304 2593 -namque
332 2519 460 2594 appositi
486 2528 569 2576 erant
598 2519 748 2590 custodes,
777 2526 827 2593 qui
859 2537 927 2576 eum
959 2526 977 2577 a
1008 2521 1130 2594 pristino
1152 2546 1181 2577 ιο

121 2630 204 2683 victir
241 2624 518 2683 deducerent-ut
554 2630 586 2683 εδ
624 2624 663 2683 de
702 2626 853 2700 superiore
890 2636 972 2700 parte
1011 2626 1129 2685 aedium

123 2731 269 2790 deiecerit
289 2740 378 2805 atque
400 2730 441 2788 ita
461 2730 613 2789 interierit.
656 2731 715 2789 Sed
737 2731 805 2789 illuc
826 2742 964 2789 revertor.

165 2837 202 2894 V.
232 2838 392 2911 Postquam
418 2836 595 2895 Corinthum
620 2837 754 2912 pervEnit
780 2837 860 2894 Dion
882 2846 913 2894 et
934 2836 1042 2894 eodem
1063 2855 1129 2912 per-

53 2928 59 2947 ’
123 2942 204 3017 fugit
229 2941 405 3000 Heraclides
431 2943 469 3002 ab
494 2942 603 2999 eodem
628 2943 764 3017 expulsus
789 2943 944 3017 Dionysio,
969 2950 1019 3016 qui
1046 2961 1128 3018 prae-

123 3048 220 3107 fectus
252 3047 347 3105 fuerat
378 3048 519 3122 equitum,
549 3054 631 3105 omni
664 3048 778 3105 ratione
815 3048 924 3105 bellum
958 3056 1130 3124 comparire
1152 3077 1178 3124 ²5

123 3158 298 3229 coeperunt.
340 3154 398 3213 Sed
420 3160 480 3211 non
503 3154 626 3210 multum
648 3154 854 3229 proticiebant,
869 3154 950 3228 quod
973 3154 1130 3212 multorum

123 3264 270 3318 annorum
296 3259 424 3333 tyrannis
452 3265 624 3334 magnarum
650 3277 741 3333 opum
770 3260 943 3334 putribatur;
972 3278 1062 3336 quam
1090 3262 1131 3321 ob

123 3384 246 3424 cansam
267 3371 355 3440 pauci
377 3364 415 3422 ad
438 3364 610 3423 societatem
633 3366 755 3440 periculi
776 3366 1021 3440 perducebantur.

165 3470 225 3531 Sed
254 3471 343 3541 Dit'm,
369 3470 459 3529 fretus
487 3476 547 3529 non
575 3481 635 3529 tam
663 3478 722 3530 suis
750 3472 844 3546 copiis
870 3490 960 3547 quam
988 3472 1058 3531 odio
1087 3484 1130 3547 ty-

123 3582 219 3649 ranni,
254 3576 384 3635 maximo
422 3577 522 3636 animo
560 3576 674 3635 duribus
713 3577 851 3635 onerariis
888 3578 1011 3636 navibus
1046 3585 1129 3652 quin·
1153 3609 1181 3653 30

123 3682 268 3760 quaginta
295 3688 438 3744 annorum
467 3684 633 3759 imperium,
663 3688 809 3741 munitum
837 3690 1003 3759 quingentis
1037 3684 1130 3759 longis

123 3790 259 3863 navibus
277 3789 384 3848 decem
407 3790 540 3865 equitum
561 3799 741 3864 centumque
762 3788 897 3865 peditum
918 3789 1043 3861 milibus,
1063 3808 1129 3865 pro-
