2817 4250
133 309 184 375 1v.]
608 309 723 360 cmou
1149 315 1188 382 25

132 482 165 540 in
190 488 264 557 pece
289 481 341 540 diu
365 480 614 541 desidereverunt.
658 483 726 541 Fuit
752 483 831 541 enim
853 490 935 542 tante
955 485 1138 557 libereiitete,

132 607 203 646 cum
239 587 439 662 compleribus
475 587 546 646 locis
581 587 702 663 praedia
737 589 898 663 hortesque
941 589 1072 661 haberet,
1107 601 1139 649 ut

131 712 297 768 numquam
319 693 349 750 in
363 699 404 751 eis
426 693 581 752 custedem
602 694 734 769 posuerit
755 695 864 752 fructus
885 696 1021 754 servandi
1037 696 1138 772 gretie,

134 806 172 858 ne
195 801 260 874 quis
282 800 475 875 impediretur
496 806 556 874 que
578 800 673 857 minus
695 807 737 858 eis
763 802 860 872 rebuS,
885 801 990 875 quibus
1014 802 1138 876 quisque

131 905 231 976 vellet,
261 906 414 964 frueretur.
470 906 593 981 Semper
628 924 695 963 eum
731 906 887 981 pedisequi
915 925 983 964 cum
1010 915 1139 966 nummis
1163 933 1174 980 5

132 1021 201 1068 sunt
226 1016 328 1083 seciiti,
353 1021 394 1083 ut,
417 1017 442 1069 si
466 1012 531 1085 quis
556 1012 621 1087 opis
644 1011 706 1070 eius
731 1011 886 1087 indigeret,
911 1012 1032 1071 haberet
1056 1013 1139 1089 quod

133 1117 233 1174 statim
255 1116 348 1188 daret,
370 1121 408 1176 ne
429 1117 594 1175 differende
615 1116 763 1176 videretur
785 1124 901 1193 negere.
943 1120 1047 1194 Saepe,
1069 1138 1138 1177 cum

132 1223 263 1297 aliquem
291 1223 440 1281 offensum
466 1224 604 1281 sertenae
630 1222 745 1282 videret
771 1224 866 1281 minus
890 1224 967 1282 bene
991 1231 1137 1296 vestitum,

134 1347 219 1387 suum
244 1329 402 1387 amiculum
427 1329 520 1387 dedit.
563 1328 695 1388 Cottidie
720 1335 762 1387 sic
790 1334 864 1387 cena
892 1336 919 1387 ei
945 1331 1137 1405 coquebetur,

131 1445 174 1506 ut,
196 1440 272 1510 ques
293 1435 445 1493 invocetes
467 1434 587 1492 vidisset
612 1435 641 1492 in
666 1436 741 1506 sore,
763 1440 867 1493 omnes
891 1436 929 1494 ad
955 1440 987 1494 se
1008 1443 1136 1508 voceret,
1163 1466 1189 1497 10

132 1540 215 1615 quod
242 1541 338 1598 facere
363 1541 441 1599 nelle
470 1541 520 1599 die
548 1541 812 1615 praetermittebat.
855 1542 937 1600 Nelli
964 1541 1038 1600 fides
1065 1543 1136 1614 eius,

132 1647 203 1704 milli
231 1665 331 1722 opera,
360 1647 431 1704 nelli
457 1652 504 1704 res
533 1646 679 1704 familieris
715 1646 809 1704 defuit
820 1668 829 1719 5
865 1648 972 1705 multes
1007 1649 1136 1722 locuple-

132 1753 204 1811 tevit
215 1774 224 1825 3
254 1753 422 1827 complures
450 1757 595 1827 pauperes
624 1759 766 1825 mounes,
789 1760 839 1827 qui
863 1752 943 1810 unde
968 1753 1138 1813 efferrentur

131 1864 194 1916 nen
225 1859 420 1933 reliquissent,
449 1863 501 1916 sue
535 1864 652 1932 sempter
689 1859 801 1916 extulit.
858 1861 904 1918 Sic
939 1864 970 1917 se
1005 1860 1137 1934 gerende

132 1964 256 2021 minime
281 1974 324 2022 est
340 1963 522 2034 mirandum,
544 1969 568 2020 si
590 1973 620 2019 et
641 1969 700 2020 vita
725 1964 788 2020 eius
809 1963 863 2020 fuit
884 1967 987 2022 secera
1007 1974 1037 2021 et
1059 1983 1138 2022 mors
1161 1991 1186 2040 15

131 2069 250 2129 acerba.
