2817 4250
616 841 697 897 xiv.
735 819 977 896 narraras·

316 1028 341 1084 Ι.
377 1027 528 1097 Datames,
572 1035 655 1100 patre
698 1024 860 1095 Camisare,
898 1023 1019 1082 natione
1060 1023 1146 1095 Care,
1187 1031 1281 1081 matre

275 1131 423 1206 Scythissa
452 1137 548 1203 natus,
578 1137 706 1204 primum
736 1129 860 1187 militum
896 1129 926 1186 in
957 1134 1081 1187 numero
1113 1129 1167 1187 suit
1201 1129 1281 1204 apud

273 1239 456 1295 Artaxerxen
495 1241 597 1294 eorum
637 1242 688 1310 qui
726 1235 837 1310 regiam
874 1235 1038 1295 tuebantur.
1096 1236 1185 1293 Pater
1219 1236 1281 1294 eius

275 1344 448 1413 Camisares,
471 1342 553 1417 quod
579 1353 608 1400 et
634 1347 724 1399 manu
748 1341 830 1400 fortis
854 1351 884 1398 et
909 1340 988 1400 bello
1012 1345 1148 1399 strenuus
1169 1351 1200 1398 et
1222 1345 1281 1416 regi

238 1473 249 1520 5
274 1449 371 1507 multis
396 1449 467 1507 locis
493 1448 588 1506 fidelis
617 1458 679 1506 erat
706 1457 848 1522 repertuS,
872 1447 974 1505 habuit
1001 1447 1185 1521 provinciam
1214 1465 1279 1521 par-

275 1566 336 1613 tem
355 1555 477 1614 Ciliciae
497 1555 578 1611 iuxta
595 1554 830 1628 Cappadociam,
844 1570 933 1627 quam
955 1552 1088 1611 incolunt
1110 1553 1279 1627 Leucosyri.

275 1662 419 1719 Datames
453 1661 576 1718 militare
612 1664 718 1718 munus
753 1660 877 1734 fungens
913 1665 1039 1734 primum
1074 1658 1167 1732 qualis
1202 1669 1280 1716 esset

274 1767 388 1841 aperuit
430 1766 460 1823 in
501 1765 580 1824 bello
622 1764 703 1839 quod
739 1770 791 1822 rex
824 1765 964 1822 adversus
999 1764 1145 1822 Cadusios
1180 1764 1278 1839 gessit.

275 1873 412 1946 Namque
445 1871 492 1928 hic
525 1876 623 1944 magni
654 1871 707 1928 suit
739 1871 800 1928 eius
832 1887 932 1944 opera.
976 1869 1044 1943 Quo
1079 1869 1189 1926 sactum
1226 1880 1279 1940 est,

225 1996 342 2034 locum
377 1978 407 2034 in
439 1983 475 2035 eo
512 1977 589 2035 bello
624 1975 783 2034 cecidisset
818 1975 993 2048 Camisares,
1028 1985 1061 2032 ut
1095 1985 1219 2049 paterna
1253 1981 1279 2032 ei

273 2083 436 2142 traderetur
464 2083 624 2157 provincia.

315 2191 354 2247 II.
386 2192 450 2247 Pari
471 2195 501 2247 se
523 2190 628 2247 virtute
654 2195 757 2263 postea
781 2188 925 2263 praebuit,
947 2207 1016 2245 cum
1040 2187 1279 2262 Autophradates

273 2296 350 2353 iussu
373 2296 449 2370 re'gis
470 2295 549 2353 bello
570 2299 796 2369 persequeretur
817 2300 868 2352 eos
888 2300 938 2367 qui
957 2294 1143 2351 defecerant.
1186 2293 1277 2349 Nam-

272 2418 330 2474 que
352 2401 436 2458 hr'rius
462 2406 554 2474 opera
574 2400 683 2470 hostEs,
706 2418 773 2455 cum
796 2410 892 2457 castra
912 2399 971 2455 iam
992 2399 1158 2469 intrassent,
1181 2399 1278 2455 multis

224 2531 247 2578 ¹5
272 2506 388 2564 milibus
420 2506 567 2580 regiorum
598 2505 759 2562 interfectis
790 2504 938 2578 profligati
972 2514 1039 2561 sunt
1073 2503 1277 2577 exercitusque

272 2612 399 2685 reliquus
438 2616 625 2668 conservatus
664 2610 740 2684 regis
779 2620 823 2668 est
835 2631 842 2680 3
884 2615 943 2683 qua
981 2627 1018 2667 ex
1052 2613 1083 2666 re
1119 2608 1279 2666 maioribus

272 2718 358 2775 rEbus
383 2734 520 2791 praeesse
544 2716 652 2789 coepit.
697 2717 770 2772 Erat
794 2720 831 2773 ef>
856 2724 991 2789 tempore
1013 2714 1115 2787 Thuys
1139 2712 1279 2788 dynastes

273 2822 498 2897 Paphlagoniae,
529 2826 651 2895 antiquo
685 2838 805 2895 genere,
837 2831 918 2878 ortus
953 2825 971 2876 a
1005 2819 1183 2893 Pylaemene
1219 2819 1278 2889 illo,
1380 2887 1381 2908 1

271 2946 360 3002 quem
390 2929 541 2985 Hom'e'rus
568 2926 677 2984 Troico
705 2925 785 2984 bello
809 2932 828 2983 a
852 2925 988 2983 Patroclo
1013 2923 1202 2983 intersectum
1228 2925 1278 2983 ait.

221 3065 249 3096 ιο
272 3035 301 3091 Is
328 3038 391 3108 regi
414 3032 496 3091 dicto
521 3031 643 3090 audiens
668 3036 729 3089 nou
753 3041 824 3089 erat.
867 3031 964 3105 Quam
989 3030 1030 3089 ob
1054 3047 1175 3087 causam
1199 3029 1280 3088 bello

271 3157 339 3197 eum
378 3146 515 3215 persequi
551 3138 703 3195 constituit
738 3144 824 3212 eique
858 3143 901 3194 rei
934 3136 1081 3211 praefecit
1117 3137 1278 3208 Datamen,

271 3251 469 3319 propinquum
500 3243 697 3319 Paphlagonis
708 3264 717 3315 3
753 3260 881 3316 namque
916 3260 954 3300 ex
988 3242 1076 3300 fratre
1111 3250 1141 3299 et
1177 3247 1278 3300 sorore

271 3359 355 3409 erant
378 3356 447 3408 nati.
490 3351 588 3425 Quam
613 3350 653 3407 ob
678 3367 797 3407 causam
824 3350 966 3407 Datames
994 3354 1121 3422 primum
1150 3354 1279 3422 experiri

269 3456 361 3514 voluit
388 3465 421 3513 ut
447 3455 510 3514 sine
538 3461 625 3513 armis
653 3460 854 3529 propinquum
881 3453 920 3512 ad
948 3453 1078 3511 officium
1110 3452 1278 3511 reduceret.

228 3599 254 3646 ²5
270 3561 317 3619 Ad
349 3579 438 3637 quem
471 3579 539 3618 cnm
569 3560 698 3618 venisset
726 3560 790 3617 sine
817 3558 973 3633 praesidio,
1002 3557 1083 3633 quod
1112 3558 1151 3616 ab
1179 3564 1279 3617 amico

270 3668 363 3726 nullas
386 3672 537 3726 veniretur
560 3666 689 3737 insidias,
716 3683 812 3740 paene
837 3665 963 3737 interiit,
991 3683 1061 3721 nam
1082 3664 1184 3741 Thuys
1207 3683 1278 3723 eum

271 3773 348 3831 clam
373 3774 538 3831 interficere
562 3772 663 3831 voluit.
707 3772 779 3828 Erat
805 3776 897 3828 mater
923 3788 993 3831 cum
1020 3772 1159 3843 Datame,
1184 3772 1279 3829 amita

733 3891 766 3941 60
