2817 4250
620 792 700 848 xvi.
737 777 971 849 peropimis.

333 980 358 1036 Ι.
388 977 545 1052 Pelopidas
578 977 747 1048 Thebanus,
779 975 872 1053 magis
906 976 1051 1034 historicis
1085 994 1174 1050 quam
1210 976 1296 1052 vulgo

292 1091 389 1143 natus.
431 1084 522 1143 Caius
550 1083 589 1142 de
613 1083 768 1141 virtatibus
794 1082 899 1144 dubita
923 1083 1074 1157 quemad
1099 1083 1223 1140 modum
1249 1101 1296 1141 ex-

292 1197 412 1266 penam,
441 1190 523 1264 quod
551 1207 661 1261 vereor,
692 1196 716 1246 si
744 1193 790 1246 res
819 1189 966 1263 explicare
995 1189 1145 1263 incipiam,
1170 1193 1210 1246 ne
1237 1195 1297 1247 nan
1382 1187 1383 1196 ³

292 1303 383 1354 vitam
414 1297 476 1353 eius
507 1300 650 1366 enarrare,
679 1295 732 1353 sed
764 1295 915 1352 historiam
942 1295 1044 1352 videar
1071 1296 1197 1353 scribere
1208 1315 1218 1368 3
1253 1302 1297 1353 sin

259 1413 408 1475 stantum
431 1401 521 1459 modo
543 1408 671 1459 summas
692 1402 827 1477 attigere,
841 1406 879 1458 ne
904 1401 1024 1460 rudibus
1047 1403 1227 1460 Graecarum
1252 1401 1296 1459 lit-

293 1515 420 1566 terarum
445 1509 540 1565 minus
568 1506 697 1566 dilacide
727 1514 876 1582 appareat,
904 1518 1030 1582 quantus
1056 1507 1141 1564 fuerit
1170 1508 1218 1565 ille
1245 1508 1296 1565 vir.

294 1616 398 1688 Itaque
423 1620 538 1688 utrique
564 1620 606 1670 rei
631 1631 795 1684 occurram,
817 1624 958 1687 quantum
984 1619 1118 1688 potuere,
1141 1623 1171 1670 et
1196 1613 1296 1671 mede-

293 1721 348 1778 bor
368 1738 436 1776 curn
458 1719 584 1776 satietati
606 1729 667 1775 tum
680 1719 871 1793 ignorantiae
892 1719 1043 1776 lectarum.

334 1824 501 1883 Phoebidas
543 1824 798 1881 Lacedaemonius
833 1843 901 1880 cum
937 1826 1098 1881 exercitum
1134 1825 1297 1899 Olynthum

244 1930 416 1992 10daceret
443 1930 558 2004 iterque
586 1948 638 2004 per
665 1930 785 1987 Thebas
814 1929 933 2001 faceret,
957 1948 1054 1986 arcem
1083 1930 1197 2004 oppidi,
1221 1949 1298 2005 quae

292 2037 427 2095 Cadmea
451 2036 626 2106 nominatur,
652 2037 809 2110 occupavit
835 2036 961 2110 impulsu
991 2041 1151 2110 paucarum
1179 2036 1298 2094 Theba·
1384 2019 1385 2034 Χ

293 2149 406 2215 norum,
434 2151 485 2217 qui
515 2142 699 2200 adversariae
732 2144 850 2200 factioni
885 2148 944 2217 que)
977 2143 1088 2200 facilius
1119 2143 1298 2215 resisterent,

294 2251 445 2307 Laconum
468 2250 555 2307 rebus
576 2247 743 2320 studebant,
766 2249 856 2323 idque
878 2254 931 2307 sua
947 2254 1075 2323 privata,
1095 2254 1156 2306 nan
1177 2250 1299 2324 pablico

292 2355 369 2412 lecit
390 2355 521 2413 cansilie.
566 2355 635 2428 Qua
657 2355 737 2411 lacte
759 2373 826 2411 eum
850 2355 1077 2413 Lacedaemonii
1104 2357 1142 2413 ab
1167 2357 1300 2414 exercitii

243 2494 267 2541 15
291 2465 479 2518 remeaverunt
501 2461 687 2535 pecaniaque
711 2461 877 2531 multarunt,
899 2479 996 2535 neque
1021 2466 1058 2519 ea
1084 2462 1175 2536 magis
1197 2480 1298 2519 arcem
1385 2460 1386 2465 ’

291 2566 440 2624 Thebanis
480 2565 682 2638 reddiderunt,
719 2565 800 2640 quod
839 2572 981 2641 susceptis
1017 2566 1173 2625 inimicitiis
1209 2568 1299 2626 satius

292 2670 443 2731 dacebant
465 2678 516 2729 ees
538 2672 668 2742 obsideri
689 2690 778 2746 quam
800 2672 916 2729 liberari
926 2692 934 2744 3
964 2690 1033 2729 nam
1058 2683 1126 2746 post
1151 2673 1299 2748 Pelopon·

292 2778 407 2836 nesium
438 2778 548 2835 bellum
576 2777 766 2851 Athenasque
798 2776 929 2835 devictas
960 2796 1028 2834 cum
1062 2777 1213 2836 Thebanis
1245 2779 1300 2838 sibi

215 2877 218 2884 '
292 2901 356 2941 rem
381 2901 446 2941 esse
469 2884 675 2941 existimabant
699 2893 730 2940 et
755 2888 806 2940 eas
830 2901 895 2940 esse
923 2884 1010 2954 selas,
1032 2890 1083 2957 qui
1107 2882 1247 2942 adve'rsus
1269 2890 1300 2942 se

242 3024 270 3055 20
293 2990 394 3046 sistere
422 2987 575 3072 auderent.
618 2990 686 3045 Hac
713 2999 812 3046 mente
839 2996 939 3046 amicis
964 2994 1020 3046 suis
1045 2995 1174 3047 summas
1199 3000 1298 3063 potes-

293 3098 368 3152 tates
391 3094 536 3153 dederant
559 3095 734 3169 alteriusque
757 3095 892 3152 sactianis
914 3095 1061 3170 principes
1082 3078 1298 3170 partim'inter-

294 3201 439 3272 fecerant,
462 3201 533 3258 alias
555 3202 585 3257 in
607 3201 741 3258 exsilium
763 3202 911 3259 eiecerunt
922 3222 930 3273 3
960 3202 989 3258 in
1014 3200 1120 3275 quibus
1142 3202 1300 3277 Pelopidas

293 3306 350 3377 hic,
373 3305 412 3364 de
433 3312 493 3380 qua
515 3307 642 3365 scribere
664 3312 759 3364 exarsi
782 3326 890 3378 sumus,
906 3307 1006 3382 pulsus
1027 3308 1122 3381 patria
1142 3308 1273 3368 carebat.

334 3412 376 3469 Il.
407 3413 449 3470 Hi
477 3417 581 3470 omnes
610 3413 671 3470 fere
699 3412 829 3471 Athenas
861 3418 892 3471 se
924 3414 1118 3485 contulerant,
1147 3419 1208 3472 nan
1240 3420 1298 3490 qua

243 3553 268 3600 ²5
294 3529 486 3592 sequerentur
507 3519 610 3590 atium,
632 3519 687 3577 sed
710 3529 751 3591 ut,
773 3538 862 3594 quem
888 3539 925 3577 ex
949 3520 1086 3595 proxime
1111 3521 1211 3578 locum
1236 3520 1297 3579 lars

294 3624 457 3696 obtulisset,
479 3629 516 3682 ee
538 3625 663 3699 patriam
686 3632 860 3700 recuperare
885 3633 1056 3683 niterentur.
1100 3628 1205 3701 Itaque
1231 3646 1297 3684 cum

226 3712 233 3721 ²
294 3741 411 3806 tempus
446 3741 523 3789 esset
557 3737 649 3789 visum
682 3738 724 3788 rei
754 3731 911 3806 gerendae,
939 3732 1136 3790 commaniter
1167 3738 1298 3790 cumeis

756 3854 787 3917 76
