2817 4250
601 773 717 830 XXIII.
753 772 980 830 HANNIBAL.

325 957 355 1014 1.
384 956 547 1030 Hannibal,
569 958 748 1015 Hamilcaris
774 957 864 1029 fssius,
887 957 1146 1032 Carthogiuionsis.
1187 958 1217 1016 Si
1240 963 1292 1015 vo-

290 1080 354 1119 rum
376 1072 430 1136 est,
451 1062 534 1138 quod
554 1068 644 1121 nomo
666 1063 790 1135 dubitat,
812 1072 845 1120 ut
867 1062 993 1138 populus
1015 1064 1169 1121 Romonus
1189 1068 1293 1121 omnos
1301 963 1377 1172 Δ

289 1173 393 1244 gentos
416 1169 523 1227 virtote
549 1170 701 1244 superairit,
727 1174 788 1227 non
813 1179 857 1227 est
879 1168 1065 1227 infitiandum
1091 1170 1292 1228 Hannibalem

290 1281 372 1333 tanto
403 1275 582 1350 praestitisse
614 1280 729 1334 coteros
761 1276 954 1350 imperitoros
987 1274 1152 1350 prodentia,
1181 1282 1292 1351 quanto

254 1402 265 1450 5
288 1381 414 1456 populus
436 1383 589 1440 Romonus
613 1381 772 1440 antecodat
797 1379 969 1439 fortitodine
994 1386 1115 1440 conctis
1138 1382 1271 1440 nationos
1282 1403 1291 1454 ;

288 1504 357 1544 nam
388 1486 654 1562 quotionscumque
689 1505 757 1544 cum
790 1492 826 1545 eo
857 1505 1029 1563 congressus
1060 1497 1105 1545 est
1135 1488 1166 1544 in
1197 1473 1291 1560 Italia,

288 1610 407 1668 semper
423 1591 557 1651 discessit
574 1593 717 1667 superior.
759 1592 922 1666 Quodnisi
944 1591 1026 1650 domi
1046 1593 1154 1650 civium
1174 1598 1291 1651 suorum

288 1699 398 1757 invidio
421 1699 591 1758 dobilititus
615 1709 702 1771 esset,
725 1700 878 1757 Romouos
901 1698 1018 1757 vidotur
1042 1705 1180 1774 superare
1204 1709 1290 1775 potu-

287 1805 354 1864 isse.
396 1804 455 1864 Sed
476 1805 633 1862 multorum
655 1805 832 1863 obtrectatio
854 1803 963 1863 dovicit
983 1809 1068 1863 ouius
1088 1805 1234 1863 virtotem.

239 1938 266 1967 ιο
297 1890 371 1980 ln.
401 1912 461 1968 Hic
485 1920 584 1968 autem
608 1911 687 1969 velut
716 1910 880 1968 horoditate
905 1911 1037 1968 relictum
1064 1910 1167 1969 odium
1195 1921 1290 1986 pater-

287 2034 358 2073 num
390 2022 459 2091 erga·
494 2018 647 2074 Romonos
682 2023 724 2074 sic
759 2017 952 2088 conservovit,
980 2027 1012 2074 ut
1047 2017 1127 2091 prins
1162 2017 1290 2075 animam

287 2142 377 2199 quam
397 2123 429 2182 id
450 2122 630 2199 deposuerit,
652 2131 703 2198 qui
723 2123 856 2199 quidem,
878 2142 946 2181 cum
971 2123 1066 2199 patrio
1089 2123 1190 2199 pulsus
1214 2135 1290 2183 esset

287 2240 318 2287 et
344 2229 503 2287 alionorum
531 2248 623 2305 opum
650 2230 805 2305 indigoret,
827 2248 989 2305 numquam
1017 2230 1164 2289 dostiterit
1192 2230 1290 2288 animo

287 2335 396 2395 bellare
416 2353 485 2393 cum
506 2337 658 2393 Romonis
700 2336 780 2393 Nam
800 2345 833 2394 ut
854 2336 989 2394 omittam
1007 2336 1187 2411 Philippum,
1201 2353 1290 2410 quem

237 2469 262 2516 ις
286 2441 392 2501 absons
417 2441 534 2500 hostem
557 2440 690 2500 reddidit
716 2443 869 2515 Romonis,
891 2442 1024 2499 omnium
1041 2447 1083 2500 eis
1108 2441 1291 2517 temporibus

286 2547 507 2623 potentissimus
532 2552 582 2605 rox
606 2547 769 2605 Antiochus
794 2547 856 2605 fuit.
900 2549 991 2605 Hunc
1019 2552 1101 2605 tanto
1127 2547 1290 2622 cupiditote

285 2652 418 2711 incendit
439 2651 576 2724 bellandi,
591 2662 624 2710 ut
645 2671 738 2727 usque
760 2658 778 2710 ai
799 2653 887 2711 rubro
910 2659 982 2711 mari
1002 2671 1085 2710 arma
1108 2658 1232 2711 conatus
1252 2653 1290 2711 sit

284 2760 392 2817 inferre
419 2746 532 2817 Italiae.
574 2757 621 2815 Ad
651 2776 741 2833 quem
770 2776 839 2815 cum
867 2759 954 2833 logati
979 2759 1127 2817 vonissent
1151 2760 1289 2831 Romaim,

285 2872 336 2940 qui
373 2863 412 2923 do
455 2864 517 2923 Eius
554 2863 704 2921 voluntote
743 2864 929 2938 explorarent
967 2858 1129 2939 darentque
1169 2883 1291 2940 operam

235 2999 264 3030 ιο
285 2969 413 3029 consiliis
442 2970 629 3027 clandestinis
657 2979 689 3026 ut
719 2969 919 3027 Hannibalem
947 2969 978 3027 in
1005 2970 1205 3043 suspicionem
1230 2974 1291 3044 rogi

285 3075 478 3148 addocerent,
500 3085 650 3182 tapquam
675 3075 714 3133 ab
738 3075 807 3149 ipsis
832 3084 986 3149 corruptus
1008 3074 1065 3132 alia
1089 3084 1179 3150 atque
1204 3081 1292 3132 anteo

285 3188 415 3254 sentiret,
440 3199 537 3255 neque
562 3179 592 3237 id
617 3181 722 3238 snistro
745 3180 887 3238 fecissent
912 3179 1002 3255 idque
1030 3181 1184 3239 Hannibal
1208 3199 1289 3240 com-

285 3289 409 3363 perisset
436 3292 527 3362 soque
554 3288 594 3346 ab
620 3286 807 3344 interioribus
836 3287 965 3345 consiliis
989 3291 1136 3362 sogregori
1159 3286 1289 3359 vidisset,

284 3406 419 3471 tempore
448 3393 519 3451 dato
546 3392 620 3450 adiit
647 3393 686 3451 ad
712 3397 821 3468 rogem,
844 3398 930 3467 eique
954 3410 1023 3450 cum
1050 3393 1142 3450 multa
1166 3393 1206 3451 do
1230 3393 1289 3451 fido

242 3532 268 3579 ²5
284 3506 337 3558 suo
360 3510 391 3557 et
414 3498 486 3557 odio
513 3499 544 3555 in
572 3500 725 3577 Romanos
753 3503 1024 3570 commemorasset,
1049 3498 1107 3556 hoc
1136 3498 1287 3557 adiunxit:

285 3607 403 3663 “Pater
437 3606 550 3675 meus,”
581 3604 684 3678 inquit,
718 3578 903 3661 “Hamilcar
936 3604 1059 3678 puerulo
1094 3609 1153 3676 mo,
1186 3613 1288 3679 utpote

284 3716 345 3773 non
373 3710 497 3788 amplius
520 3727 628 3767 novem
653 3714 746 3766 annos
771 3714 850 3781 noto,
870 3709 902 3767 in
927 3710 1104 3785 Hisponiam
1128 3710 1289 3786 imperator

744 3811 790 3869 108
