<?xml version="1.0" encoding="UTF-8"?>
<!DOCTYPE html PUBLIC "-//W3C//DTD XHTML 1.0 Transitional//EN"
    "http://www.w3.org/TR/xhtml1/DTD/xhtml1-transitional.dtd">
<html xmlns="http://www.w3.org/1999/xhtml" xml:lang="en" lang="en">
 <head>
  <title>
</title>
<meta http-equiv="Content-Type" content="text/html;charset=utf-8" />
  <meta name='ocr-system' content='tesseract 3.04.00' />
  <meta name='ocr-capabilities' content='ocr_page ocr_carea ocr_par ocr_line ocrx_word'/>
</head>
<body>
  <div class='ocr_page' id='page_1' title='image "./corneliinepotis26nepogoog_0069.png"; bbox 0 0 2817 4250; ppageno 0'>
   <div class='ocr_carea' id='block_1_1' title="bbox 136 306 1196 376">
    <p class='ocr_par' dir='ltr' id='par_1_1' title="bbox 136 306 1196 376">
     <span class='ocr_line' id='line_1_1' title="bbox 136 306 1196 376; baseline 0.003 -23"><span class='ocrx_word' id='word_1_1' title='bbox 136 306 176 370; x_wconf 92' lang='lat' dir='ltr'>v.]</span> <span class='ocrx_word' id='word_1_2' title='bbox 615 306 736 356; x_wconf 92' lang='lat' dir='ltr'>CONON</span> <span class='ocrx_word' id='word_1_3' title='bbox 1155 315 1196 376; x_wconf 79' lang='lat'>43</span> 
     </span>
    </p>
   </div>
   <div class='ocr_carea' id='block_1_2' title="bbox 133 477 1193 3732">
    <p class='ocr_par' dir='ltr' id='par_1_2' title="bbox 133 477 1192 1929">
     <span class='ocr_line' id='line_1_2' title="bbox 135 477 1145 554; baseline 0.001 -17"><span class='ocrx_word' id='word_1_4' title='bbox 135 479 272 550; x_wconf 78' lang='lat' dir='ltr'>deberet,</span> <span class='ocrx_word' id='word_1_5' title='bbox 301 479 354 538; x_wconf 88' lang='lat' dir='ltr'>sed</span> <span class='ocrx_word' id='word_1_6' title='bbox 386 484 417 536; x_wconf 75' lang='lat' dir='ltr'>so</span> <span class='ocrx_word' id='word_1_7' title='bbox 453 477 586 550; x_wconf 77' lang='lat' dir='ltr'>suodore,</span> <span class='ocrx_word' id='word_1_8' title='bbox 616 478 805 537; x_wconf 78' lang='lat' dir='ltr'>Pharnabazo</span> <span class='ocrx_word' id='word_1_9' title='bbox 841 478 871 537; x_wconf 90' lang='lat' dir='ltr'>id</span> <span class='ocrx_word' id='word_1_10' title='bbox 906 480 1017 554; x_wconf 84' lang='lat' dir='ltr'>negotii</span> <span class='ocrx_word' id='word_1_11' title='bbox 1052 479 1145 538; x_wconf 90' lang='lat' dir='ltr'>daret.</span> 
     </span>
     <span class='ocr_line' id='line_1_3' title="bbox 136 584 1147 659; baseline 0.002 -17"><span class='ocrx_word' id='word_1_12' title='bbox 136 585 220 643; x_wconf 89' lang='lat' dir='ltr'>Hinc</span> <span class='ocrx_word' id='word_1_13' title='bbox 248 591 360 659; x_wconf 79' lang='lat' dir='ltr'>magnis</span> <span class='ocrx_word' id='word_1_14' title='bbox 386 584 556 643; x_wconf 80' lang='lat' dir='ltr'>moneribus</span> <span class='ocrx_word' id='word_1_15' title='bbox 580 584 707 643; x_wconf 72' lang='lat' dir='ltr'>donotus</span> <span class='ocrx_word' id='word_1_16' title='bbox 732 584 770 642; x_wconf 90' lang='lat' dir='ltr'>ad</span> <span class='ocrx_word' id='word_1_17' title='bbox 796 603 876 643; x_wconf 90' lang='lat' dir='ltr'>mare</span> <span class='ocrx_word' id='word_1_18' title='bbox 905 596 951 643; x_wconf 92' lang='lat' dir='ltr'>est</span> <span class='ocrx_word' id='word_1_19' title='bbox 978 592 1091 657; x_wconf 78' lang='lat' dir='ltr'>missuS,</span> <span class='ocrx_word' id='word_1_20' title='bbox 1114 597 1147 644; x_wconf 89' lang='lat' dir='ltr'>ut</span> 
     </span>
     <span class='ocr_line' id='line_1_4' title="bbox 134 689 1146 765; baseline 0.001 -16"><span class='ocrx_word' id='word_1_21' title='bbox 134 691 254 765; x_wconf 89' lang='lat' dir='ltr'>Cypriis</span> <span class='ocrx_word' id='word_1_22' title='bbox 293 700 323 748; x_wconf 88' lang='lat' dir='ltr'>et</span> <span class='ocrx_word' id='word_1_23' title='bbox 359 689 556 748; x_wconf 78' lang='lat' dir='ltr'>Phoenicibus</span> <span class='ocrx_word' id='word_1_24' title='bbox 591 695 757 764; x_wconf 78' lang='lat' dir='ltr'>coterisque</span> <span class='ocrx_word' id='word_1_25' title='bbox 793 691 946 750; x_wconf 86' lang='lat' dir='ltr'>maritimis</span> <span class='ocrx_word' id='word_1_26' title='bbox 979 691 1146 751; x_wconf 73' lang='lat' dir='ltr'>civitotibus</span> 
     </span>
     <span class='ocr_line' id='line_1_5' title="bbox 134 795 1144 871; baseline 0.001 -18"><span class='ocrx_word' id='word_1_27' title='bbox 134 801 226 854; x_wconf 76' lang='lat' dir='ltr'>navos</span> <span class='ocrx_word' id='word_1_28' title='bbox 254 797 357 870; x_wconf 74' lang='lat' dir='ltr'>longos</span> <span class='ocrx_word' id='word_1_29' title='bbox 386 796 544 870; x_wconf 74' lang='lat' dir='ltr'>imperoret</span> <span class='ocrx_word' id='word_1_30' title='bbox 571 795 765 870; x_wconf 88' lang='lat' dir='ltr'>classemque,</span> <span class='ocrx_word' id='word_1_31' title='bbox 787 803 846 871; x_wconf 80' lang='lat' dir='ltr'>qua</span> <span class='ocrx_word' id='word_1_32' title='bbox 872 796 1006 871; x_wconf 77' lang='lat' dir='ltr'>proxima</span> <span class='ocrx_word' id='word_1_33' title='bbox 1034 803 1144 855; x_wconf 75' lang='lat' dir='ltr'>aestaite</span> 
     </span>
     <span class='ocr_line' id='line_1_6' title="bbox 134 901 1179 976; baseline 0.002 -18"><span class='ocrx_word' id='word_1_34' title='bbox 134 919 218 959; x_wconf 90' lang='lat' dir='ltr'>mare</span> <span class='ocrx_word' id='word_1_35' title='bbox 244 906 319 960; x_wconf 80' lang='lat' dir='ltr'>tuori</span> <span class='ocrx_word' id='word_1_36' title='bbox 343 912 453 976; x_wconf 87' lang='lat' dir='ltr'>posset,</span> <span class='ocrx_word' id='word_1_37' title='bbox 475 908 669 975; x_wconf 72' lang='lat' dir='ltr'>compariret,</span> <span class='ocrx_word' id='word_1_38' title='bbox 691 902 764 960; x_wconf 91' lang='lat' dir='ltr'>dato</span> <span class='ocrx_word' id='word_1_39' title='bbox 787 901 922 960; x_wconf 79' lang='lat' dir='ltr'>adiotore</span> <span class='ocrx_word' id='word_1_40' title='bbox 944 903 1143 974; x_wconf 74' lang='lat' dir='ltr'>Pharnabozo</span> <span class='ocrx_word' id='word_1_41' title='bbox 1168 927 1179 974; x_wconf 75' lang='grc' dir='ltr'>ς</span> 
     </span>
     <span class='ocr_line' id='line_1_7' title="bbox 134 1006 1142 1082; baseline 0.002 -18"><span class='ocrx_word' id='word_1_42' title='bbox 134 1013 211 1064; x_wconf 87' lang='lat' dir='ltr'>sicut</span> <span class='ocrx_word' id='word_1_43' title='bbox 236 1007 300 1082; x_wconf 89' lang='lat' dir='ltr'>ipse</span> <span class='ocrx_word' id='word_1_44' title='bbox 324 1007 465 1065; x_wconf 85' lang='lat' dir='ltr'>voluerat.</span> <span class='ocrx_word' id='word_1_45' title='bbox 509 1006 546 1065; x_wconf 96' lang='lat' dir='ltr'>Id</span> <span class='ocrx_word' id='word_1_46' title='bbox 571 1017 603 1064; x_wconf 91' lang='lat' dir='ltr'>ut</span> <span class='ocrx_word' id='word_1_47' title='bbox 629 1007 874 1065; x_wconf 82' lang='lat' dir='ltr'>Lacedaemoniis</span> <span class='ocrx_word' id='word_1_48' title='bbox 898 1018 943 1066; x_wconf 89' lang='lat' dir='ltr'>est</span> <span class='ocrx_word' id='word_1_49' title='bbox 966 1008 1142 1080; x_wconf 81' lang='lat' dir='ltr'>nontiatum,</span> 
     </span>
     <span class='ocr_line' id='line_1_8' title="bbox 133 1110 1142 1188; baseline 0.002 -19"><span class='ocrx_word' id='word_1_50' title='bbox 133 1118 197 1171; x_wconf 89' lang='lat' dir='ltr'>non</span> <span class='ocrx_word' id='word_1_51' title='bbox 232 1113 295 1170; x_wconf 93' lang='lat' dir='ltr'>sine</span> <span class='ocrx_word' id='word_1_52' title='bbox 330 1118 401 1171; x_wconf 79' lang='lat' dir='ltr'>coro</span> <span class='ocrx_word' id='word_1_53' title='bbox 439 1131 501 1170; x_wconf 89' lang='lat' dir='ltr'>rem</span> <span class='ocrx_word' id='word_1_54' title='bbox 537 1110 751 1184; x_wconf 89' lang='lat' dir='ltr'>administrant,</span> <span class='ocrx_word' id='word_1_55' title='bbox 781 1113 862 1188; x_wconf 93' lang='lat' dir='ltr'>quod</span> <span class='ocrx_word' id='word_1_56' title='bbox 902 1113 995 1172; x_wconf 76' lang='lat' dir='ltr'>moius</span> <span class='ocrx_word' id='word_1_57' title='bbox 1033 1114 1142 1173; x_wconf 92' lang='lat' dir='ltr'>bellum</span> 
     </span>
     <span class='ocr_line' id='line_1_9' title="bbox 134 1218 1141 1294; baseline 0.002 -19"><span class='ocrx_word' id='word_1_58' title='bbox 134 1218 292 1276; x_wconf 75' lang='lat' dir='ltr'>imminore</span> <span class='ocrx_word' id='word_1_59' title='bbox 334 1218 551 1279; x_wconf 73' lang='lat' dir='ltr'>arbitrobantur</span> <span class='ocrx_word' id='word_1_60' title='bbox 590 1237 680 1294; x_wconf 90' lang='lat' dir='ltr'>quam</span> <span class='ocrx_word' id='word_1_61' title='bbox 724 1225 747 1276; x_wconf 90' lang='lat' dir='ltr'>si</span> <span class='ocrx_word' id='word_1_62' title='bbox 782 1237 851 1276; x_wconf 92' lang='lat' dir='ltr'>cum</span> <span class='ocrx_word' id='word_1_63' title='bbox 887 1219 1011 1278; x_wconf 88' lang='lat' dir='ltr'>barbaro</span> <span class='ocrx_word' id='word_1_64' title='bbox 1047 1220 1141 1278; x_wconf 89' lang='lat' dir='ltr'>solum</span> 
     </span>
     <span class='ocr_line' id='line_1_10' title="bbox 134 1322 1143 1401; baseline 0.002 -19"><span class='ocrx_word' id='word_1_65' title='bbox 134 1323 354 1383; x_wconf 88' lang='lat' dir='ltr'>contenderent</span> <span class='ocrx_word' id='word_1_66' title='bbox 365 1345 373 1397; x_wconf 78' lang='lat'><em>3</em></span> <span class='ocrx_word' id='word_1_67' title='bbox 409 1342 479 1382; x_wconf 90' lang='lat' dir='ltr'>nam</span> <span class='ocrx_word' id='word_1_68' title='bbox 507 1322 616 1382; x_wconf 91' lang='lat' dir='ltr'>ducem</span> <span class='ocrx_word' id='word_1_69' title='bbox 648 1324 756 1382; x_wconf 86' lang='lat' dir='ltr'>fortem</span> <span class='ocrx_word' id='word_1_70' title='bbox 787 1334 818 1383; x_wconf 88' lang='lat' dir='ltr'>et</span> <span class='ocrx_word' id='word_1_71' title='bbox 847 1325 1025 1400; x_wconf 81' lang='lat' dir='ltr'>prodentem</span> <span class='ocrx_word' id='word_1_72' title='bbox 1057 1326 1143 1401; x_wconf 75' lang='lat' dir='ltr'>rogiis</span> 
     </span>
     <span class='ocr_line' id='line_1_11' title="bbox 134 1430 1192 1506; baseline 0.003 -17"><span class='ocrx_word' id='word_1_73' title='bbox 134 1431 244 1506; x_wconf 91' lang='lat' dir='ltr'>opibus</span> <span class='ocrx_word' id='word_1_74' title='bbox 265 1430 466 1505; x_wconf 75' lang='lat' dir='ltr'>praefuturum</span> <span class='ocrx_word' id='word_1_75' title='bbox 488 1448 523 1487; x_wconf 87' lang='lat' dir='ltr'>ac</span> <span class='ocrx_word' id='word_1_76' title='bbox 545 1435 646 1488; x_wconf 71' lang='lat' dir='ltr'>sticum</span> <span class='ocrx_word' id='word_1_77' title='bbox 664 1430 871 1489; x_wconf 74' lang='lat' dir='ltr'>dimicotirrum</span> <span class='ocrx_word' id='word_1_78' title='bbox 889 1431 1037 1502; x_wconf 65' lang='lat' dir='ltr'>vidobant</span> <span class='ocrx_word' id='word_1_79' title='bbox 1053 1450 1143 1506; x_wconf 91' lang='lat' dir='ltr'>quem</span> <span class='ocrx_word' id='word_1_80' title='bbox 1166 1462 1192 1493; x_wconf 90' lang='lat'>10</span> 
     </span>
     <span class='ocr_line' id='line_1_12' title="bbox 134 1536 1142 1612; baseline 0 -18"><span class='ocrx_word' id='word_1_81' title='bbox 134 1554 234 1611; x_wconf 89' lang='lat' dir='ltr'>neque</span> <span class='ocrx_word' id='word_1_82' title='bbox 273 1536 397 1594; x_wconf 88' lang='lat' dir='ltr'>consilio</span> <span class='ocrx_word' id='word_1_83' title='bbox 435 1554 532 1611; x_wconf 91' lang='lat' dir='ltr'>neque</span> <span class='ocrx_word' id='word_1_84' title='bbox 571 1537 664 1611; x_wconf 89' lang='lat' dir='ltr'>copiis</span> <span class='ocrx_word' id='word_1_85' title='bbox 702 1543 841 1611; x_wconf 79' lang='lat' dir='ltr'>superare</span> <span class='ocrx_word' id='word_1_86' title='bbox 879 1547 1010 1612; x_wconf 89' lang='lat' dir='ltr'>possent.</span> <span class='ocrx_word' id='word_1_87' title='bbox 1073 1539 1142 1594; x_wconf 73' lang='lat' dir='ltr'>Hoc</span> 
     </span>
     <span class='ocr_line' id='line_1_13' title="bbox 135 1641 1141 1717; baseline 0.003 -19"><span class='ocrx_word' id='word_1_88' title='bbox 135 1652 238 1700; x_wconf 90' lang='lat' dir='ltr'>mente</span> <span class='ocrx_word' id='word_1_89' title='bbox 264 1648 401 1717; x_wconf 77' lang='lat' dir='ltr'>magnam</span> <span class='ocrx_word' id='word_1_90' title='bbox 425 1641 604 1700; x_wconf 84' lang='lat' dir='ltr'>contrahunt</span> <span class='ocrx_word' id='word_1_91' title='bbox 624 1642 749 1700; x_wconf 85' lang='lat' dir='ltr'>classem</span> <span class='ocrx_word' id='word_1_92' title='bbox 760 1662 769 1714; x_wconf 88' lang='lat'>;</span> <span class='ocrx_word' id='word_1_93' title='bbox 798 1643 1022 1717; x_wconf 85' lang='lat' dir='ltr'>proficiscuntur</span> <span class='ocrx_word' id='word_1_94' title='bbox 1043 1645 1141 1701; x_wconf 67' lang='lat' dir='ltr'>losan-</span> 
     </span>
     <span class='ocr_line' id='line_1_14' title="bbox 134 1746 1143 1824; baseline 0.002 -18"><span class='ocrx_word' id='word_1_95' title='bbox 134 1746 192 1806; x_wconf 89' lang='lat' dir='ltr'>dro</span> <span class='ocrx_word' id='word_1_96' title='bbox 221 1748 308 1806; x_wconf 89' lang='lat' dir='ltr'>duce.</span> <span class='ocrx_word' id='word_1_97' title='bbox 365 1750 433 1806; x_wconf 91' lang='lat' dir='ltr'>Hos</span> <span class='ocrx_word' id='word_1_98' title='bbox 461 1749 570 1807; x_wconf 88' lang='lat' dir='ltr'>Conon</span> <span class='ocrx_word' id='word_1_99' title='bbox 599 1749 679 1823; x_wconf 92' lang='lat' dir='ltr'>apud</span> <span class='ocrx_word' id='word_1_100' title='bbox 714 1747 845 1807; x_wconf 89' lang='lat' dir='ltr'>Cnidum</span> <span class='ocrx_word' id='word_1_101' title='bbox 880 1747 1000 1824; x_wconf 81' lang='lat' dir='ltr'>adortus</span> <span class='ocrx_word' id='word_1_102' title='bbox 1035 1755 1143 1824; x_wconf 68' lang='lat' dir='ltr'>mogno</span> 
     </span>
     <span class='ocr_line' id='line_1_15' title="bbox 135 1853 1071 1929; baseline 0.001 -18"><span class='ocrx_word' id='word_1_103' title='bbox 135 1853 252 1928; x_wconf 92' lang='lat' dir='ltr'>proelio</span> <span class='ocrx_word' id='word_1_104' title='bbox 273 1854 363 1928; x_wconf 85' lang='lat' dir='ltr'>lugat,</span> <span class='ocrx_word' id='word_1_105' title='bbox 386 1855 491 1912; x_wconf 77' lang='lat' dir='ltr'>multos</span> <span class='ocrx_word' id='word_1_106' title='bbox 512 1859 602 1912; x_wconf 75' lang='lat' dir='ltr'>novos</span> <span class='ocrx_word' id='word_1_107' title='bbox 622 1854 712 1928; x_wconf 88' lang='lat' dir='ltr'>capit,</span> <span class='ocrx_word' id='word_1_108' title='bbox 734 1855 901 1929; x_wconf 79' lang='lat' dir='ltr'>comploros</span> <span class='ocrx_word' id='word_1_109' title='bbox 922 1853 1071 1929; x_wconf 78' lang='lat' dir='ltr'>doprimit.</span> 
     </span>
    </p>

    <p class='ocr_par' dir='ltr' id='par_1_3' title="bbox 134 1960 1193 2567">
     <span class='ocr_line' id='line_1_16' title="bbox 177 1960 1191 2035; baseline 0 -17"><span class='ocrx_word' id='word_1_110' title='bbox 177 1961 246 2035; x_wconf 78' lang='lat' dir='ltr'>Quo</span> <span class='ocrx_word' id='word_1_111' title='bbox 273 1961 396 2018; x_wconf 76' lang='lat' dir='ltr'>victorio</span> <span class='ocrx_word' id='word_1_112' title='bbox 423 1966 484 2018; x_wconf 91' lang='lat' dir='ltr'>non</span> <span class='ocrx_word' id='word_1_113' title='bbox 519 1960 614 2018; x_wconf 91' lang='lat' dir='ltr'>solum</span> <span class='ocrx_word' id='word_1_114' title='bbox 648 1961 793 2032; x_wconf 78' lang='lat' dir='ltr'>Athonae,</span> <span class='ocrx_word' id='word_1_115' title='bbox 822 1961 875 2019; x_wconf 89' lang='lat' dir='ltr'>sed</span> <span class='ocrx_word' id='word_1_116' title='bbox 910 1961 1000 2018; x_wconf 87' lang='lat' dir='ltr'>etiam</span> <span class='ocrx_word' id='word_1_117' title='bbox 1034 1967 1144 2020; x_wconf 84' lang='lat' dir='ltr'>concta</span> <span class='ocrx_word' id='word_1_118' title='bbox 1167 1987 1191 2033; x_wconf 76' lang='grc' dir='ltr'>ις</span> 
     </span>
     <span class='ocr_line' id='line_1_17' title="bbox 135 2066 1141 2143; baseline 0 -17"><span class='ocrx_word' id='word_1_119' title='bbox 135 2067 273 2139; x_wconf 88' lang='lat' dir='ltr'>Graecia,</span> <span class='ocrx_word' id='word_1_120' title='bbox 295 2085 371 2141; x_wconf 89' lang='lat' dir='ltr'>quae</span> <span class='ocrx_word' id='word_1_121' title='bbox 394 2066 448 2125; x_wconf 92' lang='lat' dir='ltr'>sub</span> <span class='ocrx_word' id='word_1_122' title='bbox 470 2066 776 2126; x_wconf 87' lang='lat' dir='ltr'>Lacedaemoniomm</span> <span class='ocrx_word' id='word_1_123' title='bbox 798 2066 891 2125; x_wconf 88' lang='lat' dir='ltr'>fuerat</span> <span class='ocrx_word' id='word_1_124' title='bbox 913 2067 1049 2143; x_wconf 89' lang='lat' dir='ltr'>imperio,</span> <span class='ocrx_word' id='word_1_125' title='bbox 1071 2068 1141 2127; x_wconf 87' lang='lat' dir='ltr'>libe·</span> 
     </span>
     <span class='ocr_line' id='line_1_18' title="bbox 134 2173 1141 2248; baseline 0 -17"><span class='ocrx_word' id='word_1_126' title='bbox 134 2179 199 2232; x_wconf 75' lang='lat' dir='ltr'>rota</span> <span class='ocrx_word' id='word_1_127' title='bbox 227 2185 279 2232; x_wconf 89' lang='lat' dir='ltr'>est.</span> <span class='ocrx_word' id='word_1_128' title='bbox 335 2174 442 2232; x_wconf 90' lang='lat' dir='ltr'>Conon</span> <span class='ocrx_word' id='word_1_129' title='bbox 471 2191 539 2230; x_wconf 92' lang='lat' dir='ltr'>cum</span> <span class='ocrx_word' id='word_1_130' title='bbox 570 2183 654 2247; x_wconf 89' lang='lat' dir='ltr'>parte</span> <span class='ocrx_word' id='word_1_131' title='bbox 684 2173 803 2230; x_wconf 73' lang='lat' dir='ltr'>nivium</span> <span class='ocrx_word' id='word_1_132' title='bbox 836 2173 866 2231; x_wconf 93' lang='lat' dir='ltr'>in</span> <span class='ocrx_word' id='word_1_133' title='bbox 897 2174 1022 2248; x_wconf 86' lang='lat' dir='ltr'>patriam</span> <span class='ocrx_word' id='word_1_134' title='bbox 1053 2175 1141 2245; x_wconf 76' lang='lat' dir='ltr'>vonit,</span> 
     </span>
     <span class='ocr_line' id='line_1_19' title="bbox 134 2279 1143 2354; baseline 0 -17"><span class='ocrx_word' id='word_1_135' title='bbox 134 2285 236 2338; x_wconf 80' lang='lat' dir='ltr'>moros</span> <span class='ocrx_word' id='word_1_136' title='bbox 264 2279 376 2337; x_wconf 88' lang='lat' dir='ltr'>dirutos</span> <span class='ocrx_word' id='word_1_137' title='bbox 401 2285 419 2337; x_wconf 85' lang='lat' dir='ltr'>ai</span> <span class='ocrx_word' id='word_1_138' title='bbox 447 2279 599 2354; x_wconf 77' lang='lat' dir='ltr'>Lysandro</span> <span class='ocrx_word' id='word_1_139' title='bbox 623 2285 774 2354; x_wconf 89' lang='lat' dir='ltr'>utrosque,</span> <span class='ocrx_word' id='word_1_140' title='bbox 789 2289 820 2336; x_wconf 89' lang='lat' dir='ltr'>et</span> <span class='ocrx_word' id='word_1_141' title='bbox 844 2281 938 2337; x_wconf 90' lang='lat' dir='ltr'>Piraei</span> <span class='ocrx_word' id='word_1_142' title='bbox 961 2289 993 2338; x_wconf 92' lang='lat' dir='ltr'>et</span> <span class='ocrx_word' id='word_1_143' title='bbox 1017 2280 1143 2338; x_wconf 77' lang='lat' dir='ltr'>Athonai-</span> 
     </span>
     <span class='ocr_line' id='line_1_20' title="bbox 134 2385 1141 2460; baseline 0 -17"><span class='ocrx_word' id='word_1_144' title='bbox 134 2405 211 2457; x_wconf 89' lang='lat' dir='ltr'>rum,</span> <span class='ocrx_word' id='word_1_145' title='bbox 236 2385 414 2443; x_wconf 91' lang='lat' dir='ltr'>reficiendos</span> <span class='ocrx_word' id='word_1_146' title='bbox 438 2390 520 2443; x_wconf 81' lang='lat' dir='ltr'>corat</span> <span class='ocrx_word' id='word_1_147' title='bbox 548 2386 752 2460; x_wconf 77' lang='lat' dir='ltr'>pecuniaeque</span> <span class='ocrx_word' id='word_1_148' title='bbox 782 2386 995 2460; x_wconf 75' lang='lat' dir='ltr'>quinquaginta</span> <span class='ocrx_word' id='word_1_149' title='bbox 1022 2386 1141 2458; x_wconf 83' lang='lat' dir='ltr'>talenta,</span> 
     </span>
     <span class='ocr_line' id='line_1_21' title="bbox 134 2491 1193 2567; baseline 0.002 -19"><span class='ocrx_word' id='word_1_150' title='bbox 134 2510 213 2567; x_wconf 90' lang='lat' dir='ltr'>quae</span> <span class='ocrx_word' id='word_1_151' title='bbox 235 2497 253 2549; x_wconf 82' lang='lat' dir='ltr'>ai</span> <span class='ocrx_word' id='word_1_152' title='bbox 274 2492 463 2551; x_wconf 70' lang='lat' dir='ltr'>Pharnabazo</span> <span class='ocrx_word' id='word_1_153' title='bbox 485 2495 650 2566; x_wconf 74' lang='lat' dir='ltr'>acceperat,</span> <span class='ocrx_word' id='word_1_154' title='bbox 673 2492 786 2549; x_wconf 87' lang='lat' dir='ltr'>civibus</span> <span class='ocrx_word' id='word_1_155' title='bbox 807 2498 865 2549; x_wconf 91' lang='lat' dir='ltr'>suis</span> <span class='ocrx_word' id='word_1_156' title='bbox 886 2491 986 2549; x_wconf 90' lang='lat' dir='ltr'>donat.</span> <span class='ocrx_word' id='word_1_157' title='bbox 1165 2519 1193 2550; x_wconf 62' lang='grc' dir='ltr'>ιο</span> 
     </span>
    </p>

    <p class='ocr_par' dir='ltr' id='par_1_4' title="bbox 133 2596 1193 3732">
     <span class='ocr_line' id='line_1_22' title="bbox 177 2596 1141 2671; baseline 0.001 -17"><span class='ocrx_word' id='word_1_158' title='bbox 177 2600 213 2655; x_wconf 93' lang='lat' dir='ltr'>V.</span> <span class='ocrx_word' id='word_1_159' title='bbox 242 2598 359 2656; x_wconf 92' lang='lat' dir='ltr'>Accidit</span> <span class='ocrx_word' id='word_1_160' title='bbox 384 2598 462 2669; x_wconf 86' lang='lat' dir='ltr'>huic,</span> <span class='ocrx_word' id='word_1_161' title='bbox 483 2597 565 2671; x_wconf 91' lang='lat' dir='ltr'>quod</span> <span class='ocrx_word' id='word_1_162' title='bbox 589 2602 694 2655; x_wconf 77' lang='lat' dir='ltr'>coteris</span> <span class='ocrx_word' id='word_1_163' title='bbox 719 2596 899 2669; x_wconf 65' lang='lat' dir='ltr'>mortalibus</span> <span class='ocrx_word' id='word_1_164' title='bbox 921 2607 954 2655; x_wconf 96' lang='lat' dir='ltr'>ut</span> <span class='ocrx_word' id='word_1_165' title='bbox 974 2596 1141 2655; x_wconf 89' lang='lat' dir='ltr'>inconside-</span> 
     </span>
     <span class='ocr_line' id='line_1_23' title="bbox 134 2702 1141 2777; baseline -0.001 -16"><span class='ocrx_word' id='word_1_166' title='bbox 134 2704 227 2762; x_wconf 78' lang='lat' dir='ltr'>raitior</span> <span class='ocrx_word' id='word_1_167' title='bbox 253 2704 285 2760; x_wconf 93' lang='lat' dir='ltr'>in</span> <span class='ocrx_word' id='word_1_168' title='bbox 313 2703 444 2762; x_wconf 76' lang='lat' dir='ltr'>secunda</span> <span class='ocrx_word' id='word_1_169' title='bbox 470 2720 560 2777; x_wconf 87' lang='lat' dir='ltr'>quam</span> <span class='ocrx_word' id='word_1_170' title='bbox 584 2704 614 2760; x_wconf 91' lang='lat' dir='ltr'>in</span> <span class='ocrx_word' id='word_1_171' title='bbox 638 2702 762 2761; x_wconf 74' lang='lat' dir='ltr'>adverso</span> <span class='ocrx_word' id='word_1_172' title='bbox 786 2713 863 2760; x_wconf 90' lang='lat' dir='ltr'>esset</span> <span class='ocrx_word' id='word_1_173' title='bbox 888 2703 1020 2761; x_wconf 80' lang='lat' dir='ltr'>fortonai.</span> <span class='ocrx_word' id='word_1_174' title='bbox 1064 2703 1141 2760; x_wconf 90' lang='lat' dir='ltr'>Nam</span> 
     </span>
     <span class='ocr_line' id='line_1_24' title="bbox 134 2808 1142 2885; baseline 0 -18"><span class='ocrx_word' id='word_1_175' title='bbox 134 2809 229 2867; x_wconf 87' lang='lat' dir='ltr'>classe</span> <span class='ocrx_word' id='word_1_176' title='bbox 259 2809 541 2885; x_wconf 71' lang='lat' dir='ltr'>Peloponnesiorum</span> <span class='ocrx_word' id='word_1_177' title='bbox 571 2808 695 2880; x_wconf 77' lang='lat' dir='ltr'>dovicto,</span> <span class='ocrx_word' id='word_1_178' title='bbox 725 2827 794 2865; x_wconf 91' lang='lat' dir='ltr'>cum</span> <span class='ocrx_word' id='word_1_179' title='bbox 829 2809 921 2866; x_wconf 91' lang='lat' dir='ltr'>ultum</span> <span class='ocrx_word' id='word_1_180' title='bbox 958 2813 989 2866; x_wconf 76' lang='lat' dir='ltr'>so</span> <span class='ocrx_word' id='word_1_181' title='bbox 1024 2808 1142 2867; x_wconf 73' lang='lat' dir='ltr'>iniurias</span> 
     </span>
     <span class='ocr_line' id='line_1_25' title="bbox 133 2914 1142 2991; baseline -0.002 -18"><span class='ocrx_word' id='word_1_182' title='bbox 133 2916 249 2991; x_wconf 87' lang='lat' dir='ltr'>patriae</span> <span class='ocrx_word' id='word_1_183' title='bbox 284 2922 410 2990; x_wconf 72' lang='lat' dir='ltr'>putoret,</span> <span class='ocrx_word' id='word_1_184' title='bbox 438 2915 522 2990; x_wconf 80' lang='lat' dir='ltr'>plora</span> <span class='ocrx_word' id='word_1_185' title='bbox 556 2914 725 2989; x_wconf 90' lang='lat' dir='ltr'>concupivit</span> <span class='ocrx_word' id='word_1_186' title='bbox 759 2932 848 2989; x_wconf 91' lang='lat' dir='ltr'>quam</span> <span class='ocrx_word' id='word_1_187' title='bbox 883 2914 1001 2972; x_wconf 88' lang='lat' dir='ltr'>efficere</span> <span class='ocrx_word' id='word_1_188' title='bbox 1036 2914 1142 2988; x_wconf 89' lang='lat' dir='ltr'>potuit.</span> 
     </span>
     <span class='ocr_line' id='line_1_26' title="bbox 135 3019 1191 3098; baseline 0 -19"><span class='ocrx_word' id='word_1_189' title='bbox 135 3022 244 3097; x_wconf 92' lang='lat' dir='ltr'>Neque</span> <span class='ocrx_word' id='word_1_190' title='bbox 279 3031 378 3079; x_wconf 89' lang='lat' dir='ltr'>tamen</span> <span class='ocrx_word' id='word_1_191' title='bbox 414 3039 451 3079; x_wconf 89' lang='lat' dir='ltr'>ea</span> <span class='ocrx_word' id='word_1_192' title='bbox 484 3026 545 3078; x_wconf 91' lang='lat' dir='ltr'>non</span> <span class='ocrx_word' id='word_1_193' title='bbox 580 3021 630 3095; x_wconf 90' lang='lat' dir='ltr'>pia</span> <span class='ocrx_word' id='word_1_194' title='bbox 661 3031 691 3078; x_wconf 89' lang='lat' dir='ltr'>et</span> <span class='ocrx_word' id='word_1_195' title='bbox 721 3020 877 3095; x_wconf 88' lang='lat' dir='ltr'>probanda</span> <span class='ocrx_word' id='word_1_196' title='bbox 907 3021 1032 3098; x_wconf 73' lang='lat' dir='ltr'>fuorunt,</span> <span class='ocrx_word' id='word_1_197' title='bbox 1060 3019 1142 3094; x_wconf 89' lang='lat' dir='ltr'>quod</span> <span class='ocrx_word' id='word_1_198' title='bbox 1166 3049 1191 3095; x_wconf 83' lang='lat'>²5</span> 
     </span>
     <span class='ocr_line' id='line_1_27' title="bbox 133 3126 1143 3203; baseline -0.003 -18"><span class='ocrx_word' id='word_1_199' title='bbox 133 3127 235 3203; x_wconf 88' lang='lat' dir='ltr'>potius</span> <span class='ocrx_word' id='word_1_200' title='bbox 260 3126 372 3202; x_wconf 83' lang='lat' dir='ltr'>patriae</span> <span class='ocrx_word' id='word_1_201' title='bbox 397 3132 469 3202; x_wconf 76' lang='lat' dir='ltr'>opos</span> <span class='ocrx_word' id='word_1_202' title='bbox 491 3130 591 3201; x_wconf 75' lang='lat' dir='ltr'>angori</span> <span class='ocrx_word' id='word_1_203' title='bbox 612 3144 701 3201; x_wconf 88' lang='lat' dir='ltr'>quarn</span> <span class='ocrx_word' id='word_1_204' title='bbox 722 3127 798 3200; x_wconf 78' lang='lat' dir='ltr'>rogis</span> <span class='ocrx_word' id='word_1_205' title='bbox 820 3126 930 3184; x_wconf 76' lang='lat' dir='ltr'>moluit.</span> <span class='ocrx_word' id='word_1_206' title='bbox 973 3126 1052 3182; x_wconf 90' lang='lat' dir='ltr'>Nam</span> <span class='ocrx_word' id='word_1_207' title='bbox 1074 3143 1143 3182; x_wconf 92' lang='lat' dir='ltr'>cum</span> 
     </span>
     <span class='ocr_line' id='line_1_28' title="bbox 135 3231 1143 3308; baseline -0.002 -18"><span class='ocrx_word' id='word_1_208' title='bbox 135 3238 276 3308; x_wconf 64' lang='lat' dir='ltr'>mignam</span> <span class='ocrx_word' id='word_1_209' title='bbox 304 3232 511 3291; x_wconf 79' lang='lat' dir='ltr'>auctoritatem</span> <span class='ocrx_word' id='word_1_210' title='bbox 540 3232 595 3290; x_wconf 88' lang='lat' dir='ltr'>sibi</span> <span class='ocrx_word' id='word_1_211' title='bbox 624 3237 723 3307; x_wconf 73' lang='lat' dir='ltr'>pogno</span> <span class='ocrx_word' id='word_1_212' title='bbox 746 3231 795 3288; x_wconf 81' lang='lat' dir='ltr'>illo</span> <span class='ocrx_word' id='word_1_213' title='bbox 818 3232 921 3301; x_wconf 82' lang='lat' dir='ltr'>naivaili,</span> <span class='ocrx_word' id='word_1_214' title='bbox 947 3249 1036 3305; x_wconf 90' lang='lat' dir='ltr'>quam</span> <span class='ocrx_word' id='word_1_215' title='bbox 1062 3231 1143 3306; x_wconf 92' lang='lat' dir='ltr'>apud</span> 
     </span>
     <span class='ocr_line' id='line_1_29' title="bbox 135 3337 1142 3409; baseline -0.002 -12"><span class='ocrx_word' id='word_1_216' title='bbox 135 3338 267 3398; x_wconf 89' lang='lat' dir='ltr'>Cnidum</span> <span class='ocrx_word' id='word_1_217' title='bbox 297 3339 422 3409; x_wconf 75' lang='lat' dir='ltr'>locerat,</span> <span class='ocrx_word' id='word_1_218' title='bbox 448 3337 648 3396; x_wconf 88' lang='lat' dir='ltr'>constituisset</span> <span class='ocrx_word' id='word_1_219' title='bbox 675 3343 737 3396; x_wconf 91' lang='lat' dir='ltr'>non</span> <span class='ocrx_word' id='word_1_220' title='bbox 765 3338 860 3395; x_wconf 87' lang='lat' dir='ltr'>solum</span> <span class='ocrx_word' id='word_1_221' title='bbox 889 3338 964 3395; x_wconf 86' lang='lat' dir='ltr'>inter</span> <span class='ocrx_word' id='word_1_222' title='bbox 992 3337 1142 3407; x_wconf 81' lang='lat' dir='ltr'>barbaros,</span> 
     </span>
     <span class='ocr_line' id='line_1_30' title="bbox 135 3442 1143 3518; baseline -0.003 -15"><span class='ocrx_word' id='word_1_223' title='bbox 135 3444 190 3503; x_wconf 92' lang='lat' dir='ltr'>sed</span> <span class='ocrx_word' id='word_1_224' title='bbox 219 3444 309 3502; x_wconf 92' lang='lat' dir='ltr'>etiam</span> <span class='ocrx_word' id='word_1_225' title='bbox 336 3448 440 3502; x_wconf 74' lang='lat' dir='ltr'>omnos</span> <span class='ocrx_word' id='word_1_226' title='bbox 468 3444 611 3503; x_wconf 85' lang='lat' dir='ltr'>Graeciae</span> <span class='ocrx_word' id='word_1_227' title='bbox 640 3444 782 3514; x_wconf 77' lang='lat' dir='ltr'>civitatos,</span> <span class='ocrx_word' id='word_1_228' title='bbox 811 3442 887 3500; x_wconf 90' lang='lat' dir='ltr'>clam</span> <span class='ocrx_word' id='word_1_229' title='bbox 916 3442 987 3501; x_wconf 92' lang='lat' dir='ltr'>dare</span> <span class='ocrx_word' id='word_1_230' title='bbox 1020 3461 1143 3518; x_wconf 91' lang='lat' dir='ltr'>operam</span> 
     </span>
     <span class='ocr_line' id='line_1_31' title="bbox 135 3548 1193 3625; baseline 0.001 -17"><span class='ocrx_word' id='word_1_231' title='bbox 135 3551 248 3625; x_wconf 90' lang='lat' dir='ltr'>coepit,</span> <span class='ocrx_word' id='word_1_232' title='bbox 275 3559 307 3607; x_wconf 87' lang='lat' dir='ltr'>ut</span> <span class='ocrx_word' id='word_1_233' title='bbox 340 3550 456 3607; x_wconf 90' lang='lat' dir='ltr'>Ioniam</span> <span class='ocrx_word' id='word_1_234' title='bbox 490 3560 520 3608; x_wconf 97' lang='lat' dir='ltr'>et</span> <span class='ocrx_word' id='word_1_235' title='bbox 546 3550 680 3608; x_wconf 88' lang='lat' dir='ltr'>Aeoliam</span> <span class='ocrx_word' id='word_1_236' title='bbox 710 3549 876 3608; x_wconf 88' lang='lat' dir='ltr'>restitueret</span> <span class='ocrx_word' id='word_1_237' title='bbox 904 3548 1142 3607; x_wconf 74' lang='lat' dir='ltr'>Athonionsibus.</span> <span class='ocrx_word' id='word_1_238' title='bbox 1165 3578 1193 3623; x_wconf 87' lang='lat'>30</span> 
     </span>
     <span class='ocr_line' id='line_1_32' title="bbox 136 3655 1143 3732; baseline -0.003 -17"><span class='ocrx_word' id='word_1_239' title='bbox 136 3655 174 3715; x_wconf 95' lang='lat' dir='ltr'>Id</span> <span class='ocrx_word' id='word_1_240' title='bbox 207 3675 276 3713; x_wconf 91' lang='lat' dir='ltr'>cum</span> <span class='ocrx_word' id='word_1_241' title='bbox 308 3657 404 3714; x_wconf 92' lang='lat' dir='ltr'>minus</span> <span class='ocrx_word' id='word_1_242' title='bbox 437 3656 592 3732; x_wconf 84' lang='lat' dir='ltr'>diligenter</span> <span class='ocrx_word' id='word_1_243' title='bbox 625 3666 702 3714; x_wconf 88' lang='lat' dir='ltr'>esset</span> <span class='ocrx_word' id='word_1_244' title='bbox 737 3655 874 3727; x_wconf 75' lang='lat' dir='ltr'>colotum,</span> <span class='ocrx_word' id='word_1_245' title='bbox 902 3655 1064 3726; x_wconf 73' lang='lat' dir='ltr'>liribozus,</span> <span class='ocrx_word' id='word_1_246' title='bbox 1092 3662 1143 3729; x_wconf 91' lang='lat' dir='ltr'>qui</span> 
     </span>
    </p>
   </div>
   <div class='ocr_carea' id='block_1_3' title="bbox 0 0 1414 4250">
    <p class='ocr_par' dir='ltr' id='par_1_5' title="bbox 0 0 1414 4250">
     <span class='ocr_line' id='line_1_33' title="bbox 0 0 1414 4250; baseline 0 0"><span class='ocrx_word' id='word_1_247' title='bbox 0 0 1414 4250; x_wconf 95' lang='lat' dir='ltr'> </span> 
     </span>
    </p>
   </div>
  </div>
 </body>
</html>
