2817 4250
399 177 416 308 l

217 347 260 397 20
389 343 393 350 ’
507 345 677 396 CORNELII
699 347 848 397 NEPOTIS
870 347 979 396 VITAE
1213 346 1266 410 [111.

265 523 340 592 quas
365 519 497 593 Byzantii
521 523 651 594 caperat,
676 529 835 595 postquam
860 524 1042 594 propinquas
1070 525 1136 577 tuas
1161 525 1267 595 eagna

264 624 315 696 vit,
342 625 397 684 tibi
424 630 539 684 maneri
567 627 645 685 misit
679 631 771 700 saque
803 630 902 684 tacum
937 625 1095 684 adfinitate
1130 626 1268 700 coniungi

266 729 347 802 cupit
358 750 366 800 ;
389 735 502 802 quara,
518 737 541 787 si
562 732 615 788 tibi
636 731 760 802 videtur,
784 730 837 789 des
859 738 887 789 ei
909 731 1004 789 filiam
1028 742 1108 789 tuam
1132 736 1266 806 nuptum.

267 834 303 893 Id
327 841 351 893 si
373 836 492 909 facetis,
515 846 546 895 et
566 837 701 912 Spartam
724 847 754 895 et
778 842 909 896 cateram
932 837 1090 895 Graeciam
1111 838 1167 897 sub
1187 847 1268 895 tuam

230 963 241 1010 5
265 948 443 1016 potestatem
472 946 504 1000 sa
532 942 688 1001 adiuvante
716 947 746 1001 ta
776 943 966 1001 redactamm
993 943 1159 1018 pollicatur.
1211 944 1269 1001 His

266 1046 305 1105 da
328 1048 415 1106 rebus
436 1048 552 1122 siquid
574 1067 660 1124 agere
682 1049 817 1120 volueris,
832 1059 945 1107 certum
967 1049 1119 1108 hominem
1141 1048 1268 1107 adeum

241 1153 365 1250 sinittas
387 1154 461 1225 sace,
482 1172 552 1211 cum
572 1160 632 1229 qua
654 1155 878 1229 conloquatur.''

156 1213 232 1320 Α),
307 1259 373 1317 Rau
394 1269 437 1317 tot
459 1259 808 1350 hominunrfffllatetam
830 1261 885 1318 sibi
907 1261 1138 1318 necessariarum
1161 1264 1268 1334 magno

266 1384 357 1440 opere
379 1371 492 1440 gavisus
515 1366 670 1423 cansestim
694 1384 763 1422 cum
786 1366 912 1441 epistula
931 1367 1109 1424 Artabazum
1133 1366 1172 1424 ad
1195 1368 1267 1422 Pau-

218 1495 244 1530 ιο
266 1473 378 1530 saniam
403 1473 500 1542 mittit,
525 1473 554 1528 in
577 1477 726 1545 quaeum
751 1471 911 1530 conlaudat
932 1491 967 1528 ac
990 1474 1074 1546 petit,
1095 1477 1134 1530 na
1155 1477 1203 1529 cui
1227 1477 1270 1528 rei

266 1588 368 1654 parcat
389 1577 427 1635 ad
450 1597 485 1635 ea
506 1577 672 1648 efficienda,
701 1595 778 1651 quae
803 1579 1009 1652 pollicaratur:
1045 1584 1069 1634 si
1098 1577 1268 1652 perfecerit,

266 1685 371 1741 nullius
397 1689 438 1740 rei
462 1689 480 1740 a
504 1688 535 1740 se
561 1683 709 1757 repulsam
737 1684 871 1741 laturum.
916 1684 1013 1741 Haius
1037 1684 1193 1740 Pausanias
1217 1702 1269 1739 vo-

266 1791 377 1847 luntate
399 1789 518 1863 cognita
538 1790 661 1846 alacrior
681 1789 720 1846 ad
742 1807 804 1846 rem
827 1789 989 1863 gerendam
1007 1789 1101 1847 sactus
1123 1789 1154 1846 in
1176 1794 1270 1862 suspi-

266 1896 383 1953 cionem
421 1895 531 1952 cecidit
566 1889 883 1976 Lacedaemoniorum.
939 1897 1008 1969 Qua
1036 1896 1115 1954 sacto
1146 1894 1270 1953 domum

100 1957 185 2066 ,μὴ
218 2025 242 2072 15
265 2005 429 2072 revocatus,
465 2005 618 2058 accusatus
650 2001 962 2112 wis-absolvitur,
998 2001 1135 2059 multatur
1169 2011 1271 2058 tamen

69 2093 116 2139 Ν
267 2108 412 2181 pecania3
436 2126 525 2182 quarn
547 2107 587 2165 ob
608 2126 727 2165 causam
749 2106 788 2165 ad
810 2108 934 2165 classem
955 2113 1093 2166 remissus
1114 2112 1174 2166 non
1195 2117 1248 2166 est.

308 2216 366 2271 III.
395 2216 434 2271 At
461 2214 509 2270 ille
538 2224 605 2289 post
633 2219 693 2271 nan
719 2215 811 2272 multa
836 2220 889 2271 sua
912 2225 1018 2289 sponte
1043 2213 1082 2271 ad
1107 2215 1272 2272 exercitum

266 2320 354 2377 rediit
382 2330 412 2377 et
440 2320 480 2377 ibi
509 2325 569 2377 nan
597 2320 713 2391 stolida,
742 2319 795 2377 sed
826 2319 959 2377 dementi
994 2320 1108 2377 ratiane
1142 2320 1273 2395 cogitata

266 2426 413 2499 patefecit
424 2446 432 2497 3
468 2431 529 2483 nan
563 2427 643 2482 enim
678 2431 776 2483 maras
833 2426 921 2483 atrias
956 2427 1060 2497 salum,
1092 2426 1146 2484 sed
1180 2426 1272 2483 etiam

216 2559 244 2589 20
267 2532 377 2589 cultum
412 2537 609 2605 vestitumque
643 2533 775 2589 mutavit.
804 2444 982 2649 <imparata
1014 2534 1094 2607 nagia
1124 2534 1272 2603 utebatur,

266 2648 348 2695 veste
376 2638 516 2709 Medica3
545 2638 683 2695 satellites
713 2638 797 2695 medi
827 2648 857 2694 et
886 2639 1023 2712 Aegyptii
1052 2639 1251 2713 sequabantur
1263 2659 1272 2709 ;

268 2744 439 2818 epulabitur
463 2748 546 2800 more
572 2745 724 2800 Persarum
752 2744 926 2801 luxuriosius
953 2762 1042 2818 quam
1071 2752 1121 2818 qui
1147 2744 1274 2802 aderant

268 2855 383 2924 perpeti
411 2859 550 2923 possent3
586 2849 699 2907 aditum
729 2849 899 2923 petentibus
926 2855 987 2907 non
1018 2849 1117 2922 dabat,
1144 2850 1274 2925 superba

267 2954 476 3029 respondabat,
504 2954 662 3013 cradaliter
690 2955 863 3029 imperabat.
905 2956 1038 3030 Spartam
1065 2956 1162 3014 redira
1189 2956 1273 3013 nala-

217 3090 241 3135 ²5
267 3063 317 3119 bat
328 3082 336 3133 ;
373 3062 509 3131 Colanas,
534 3067 585 3134 qui
612 3061 694 3119 locus
722 3060 753 3117 in
781 3066 852 3135 agra
879 3061 999 3119 Troade
1029 3073 1082 3133 est,
1107 3066 1139 3119 se'
1166 3073 1272 3119 contu-

268 3272 305 3330 Id
333 3284 489 3348 postquam
513 3272 745 3331 Lacedaemonii
769 3272 938 3344 resciarunt,
960 3274 1072 3347 lagatos
1096 3292 1164 3330 curn
1189 3274 1276 3332 clava

267 3377 306 3436 ad
334 3398 402 3436 enm
431 3383 580 3450 misarunt,
609 3379 639 3435 in
667 3385 726 3453 qua
754 3383 836 3436 more
865 3378 980 3436 illarum
1012 3389 1075 3436 erat
1110 3385 1272 3453 scriptum:

266 3485 323 3542 nisi
360 3484 482 3543 domum
525 3489 727 3555 reverteratur,
763 3489 795 3542 sa
829 3484 934 3559 capitis
969 3503 1036 3542 eum
1071 3484 1274 3543 damnaturos.

218 3622 244 3667 30
268 3592 339 3649 Hac
366 3592 470 3649 nantia
499 3596 676 3660 commotus,
699 3595 819 3664 sparans
844 3596 875 3647 sa
896 3591 985 3647 etiam
1007 3602 1069 3647 tum
1091 3593 1219 3664 pecunia
1240 3605 1274 3651 et

268 3698 402 3773 potentia
420 3702 531 3755 instans
552 3697 715 3772 periculum
738 3714 825 3771 posse
848 3695 1007 3769 dapellere,
1029 3698 1151 3755 domum
1173 3698 1276 3758 rediit.

269 3806 338 3861 Hac
360 3814 393 3861 ut
414 3804 504 3874 vanu,
526 3803 564 3861 ab
585 3803 702 3876 ephoris
724 3802 753 3858 in
774 3803 869 3858 vincla
891 3803 1010 3875 publica
1031 3814 1076 3861 est
1098 3805 1253 3863 coniectus
1265 3828 1276 3879 ;
