2817 4250
111 329 165 394 nt]
570 330 716 382 timeus
1111 333 1167 398 125

111 502 160 561 ille
186 502 387 560 cansansianis
414 503 519 576 globus
547 502 632 560 halus
655 509 740 562 anius
769 502 953 561 dissansiane
978 502 1119 561 disiectus

111 615 167 665 est.
223 608 330 683 Neque
359 609 452 666 multi)
480 619 548 683 post
576 609 710 684 superior
738 627 802 668 esse
834 611 935 684 coepit
964 611 1117 680 Antanius,

109 714 153 771 ita
180 723 213 772 ut
237 715 344 772 Brutus
368 724 398 772 et
423 714 541 773 Cassius
566 721 674 773 omissa
697 721 769 773 cara
794 715 1020 791 pravinciarum
1041 734 1117 790 quae

107 827 150 876 eis
175 820 249 876 dicis
272 827 360 876 causa
383 820 470 878 datae
495 830 578 878 erant
600 827 618 878 a
639 823 769 894 clausule,
793 821 955 896 dasparatis
978 822 1065 880 rabus
1087 822 1117 878 in

108 925 245 983 exsilium
282 926 545 1000 proficiscerentur.
602 928 726 999 Atticus,
755 935 806 1002 qui
842 927 1000 1002 pecaniam
1032 927 1117 984 simul
1141 950 1151 996 ς

108 1049 179 1087 cum
208 1035 314 1089 cateris
341 1032 475 1089 canfene
504 1032 637 1090 naluerat
668 1033 783 1091 flarenti
814 1033 855 1091 illi
884 1039 969 1108 parti,
998 1033 1116 1091 abiecta

68 1155 71 1159 ·
108 1139 203 1195 Bnita
232 1123 377 1212 Italiaque
405 1136 525 1194 cadenti
553 1139 718 1196 sastertiam
747 1151 867 1196 centum
895 1139 975 1196 milia
1003 1144 1116 1197 manen·

108 1243 198 1301 misit.
241 1243 348 1300 Eidem
370 1242 402 1300 in
423 1230 515 1318 Epiri>
536 1244 642 1303 absans
664 1254 796 1303 trecenta
821 1245 903 1302 iussit
923 1244 996 1316 dari,
1018 1262 1115 1319 neque

107 1354 147 1407 en
172 1349 266 1424 magis
290 1355 406 1424 potenti
429 1347 563 1408 adalatus
588 1360 633 1408 est
660 1351 790 1408 Antania
818 1368 915 1425 neque
943 1350 1115 1425 dasparattis

106 1455 235 1528 reliquit.
1138 1475 1165 1506 10

151 1561 204 1618 IX.
232 1561 373 1619 Secutum
401 1570 445 1617 est
473 1560 584 1618 bellum
611 1571 727 1635 gestum
756 1560 836 1634 apud
865 1555 1020 1618 Mutinam.
1078 1562 1114 1618 In

106 1671 170 1740 qua
208 1672 233 1723 si
270 1675 384 1723 tantum
422 1683 490 1722 eum
530 1665 707 1740 pradentem
744 1666 852 1738 dicam,
887 1666 982 1724 minus
1024 1684 1113 1741 quam

106 1772 237 1830 de'beam
264 1771 444 1847 praedicem,
466 1791 534 1829 cum
563 1772 611 1829 ille
639 1773 737 1847 potius
761 1773 874 1830 divinus
902 1773 995 1845 fuerit,
1018 1779 1042 1830 si
1069 1773 1112 1831 di·

104 1879 217 1936 vinatia
252 1876 430 1952 appellanda
462 1887 508 1935 est
538 1888 682 1952 perpetua
715 1879 852 1937 naturalis
884 1878 1008 1948 bonitas,
1036 1896 1113 1952 quae

106 1985 193 2042 millis
221 1983 337 2042 casibus
364 1983 490 2058 agitatur
516 2001 613 2058 neque
642 1984 790 2042 minuitur.
837 1985 941 2042 Hostis
969 1985 1113 2042 Antanius
1138 2005 1161 2051 15

106 2085 255 2145 iadicatus
297 2076 382 2147 Italia
419 2099 567 2163 cesserat3
609 2095 677 2165 spas
716 2089 888 2150 restituendi
926 2090 1004 2149 nulla
1041 2100 1112 2149 erat.

107 2194 179 2250 Nan
200 2193 296 2251 salum
318 2195 438 2267 inimici,
460 2202 594 2270 quitum
615 2207 697 2253 erant
716 2196 913 2271 potentissimi
934 2207 964 2254 et
984 2196 1112 2271 phirimi,

106 2297 162 2357 sed
191 2299 280 2357 etiam
309 2306 361 2375 qui
387 2299 557 2359 adversariis
585 2302 647 2360 aius
674 2306 707 2360 sa
733 2300 927 2361 venditabant
954 2310 985 2360 et
1013 2301 1041 2358 in
1076 2307 1112 2359 ea

106 2403 258 2464 laedenda
282 2405 409 2481 aliquam
435 2412 645 2466 cansecritiuas
669 2408 828 2482 spirabant
856 2407 1111 2480 commoditatem,

106 2510 232 2568 Antanii
251 2511 407 2570 familiares
427 2512 665 2587 insequabantur,
679 2518 803 2570 uxarem
826 2513 957 2570 Fulviam
975 2513 1112 2571 omnibus
1134 2536 1163 2567 ιο

106 2615 195 2673 rabus
219 2616 345 2690 spoliare
370 2616 539 2692 cupiabant,
563 2618 673 2676 lineriis
698 2618 788 2675 etiarn
816 2618 999 2693 exstinguere
1028 2624 1110 2693 para·

105 2722 189 2780 bant.
230 2722 354 2793 Atticus,
370 2741 439 2781 cum
459 2723 613 2782 Ciceranis
635 2724 738 2781 intima
759 2723 954 2781 familiaritate
973 2728 1110 2794 iteratur,

105 2826 303 2885 amicissimus
328 2838 405 2886 esset
429 2829 531 2899 Brsrtt'r,
557 2834 617 2887 nan
642 2828 735 2887 modo
763 2829 897 2886 nihileis
925 2828 1045 2886 indulsit
1073 2828 1111 2886 ad

106 2933 270 2990 Antanium
296 2932 477 3006 violandum,
499 2933 552 2991 sed
580 2938 598 2992 δ
626 2935 772 2992 contraria
801 2934 956 2992 familiaras
985 2934 1047 2992 aius
1075 2952 1112 2991 ex

105 3039 179 3097 urbe
215 3038 423 3114 profugientas,
455 3048 596 3114 quantum
632 3040 738 3115 potuit,
771 3040 851 3110 taxit,
885 3040 990 3113 quibus
1025 3040 1112 3097 rabus
1135 3062 1160 3110 25

104 3144 305 3219 indignarum,
326 3143 447 3202 adiuvit.
489 3145 593 3202 Publia
617 3150 688 3203 vara
712 3146 871 3202 Volumnia
893 3145 1059 3215 eatribuit‚
1080 3156 1112 3202 ut

104 3250 189 3323 plara
223 3254 241 3306 a
274 3258 396 3323 parente
430 3250 577 3324 proficisci
607 3255 669 3308 nan
700 3250 859 3325 potuerint.
915 3250 977 3325 lpsi
1011 3259 1111 3307 autem

104 3354 237 3426 Fulviae,
273 3372 343 3411 cum
376 3354 475 3413 litibus
512 3354 699 3413 distinaratur
740 3361 910 3431 magnisque
954 3355 1112 3413 terraribus

102 3464 269 3531 vaxaratur,
305 3464 387 3517 tanta
424 3459 576 3535 diligentia
609 3460 740 3518 officium
773 3479 858 3518 suum
892 3460 1047 3535 praestitit,
1080 3470 1113 3517 ut

102 3566 218 3624 millum
260 3565 312 3623 illa
355 3565 459 3623 stiterit
499 3566 700 3624 vadimanium
743 3566 805 3624 sine
847 3566 956 3637 Attica,
998 3566 1112 3622 Atticus
1135 3592 1163 3637 30

102 3677 234 3747 spansor
268 3670 402 3728 omnium
436 3676 533 3729 ramni
568 3671 662 3729 fuerit.
719 3672 799 3745 Quin
833 3672 931 3741 etiam,
961 3688 1029 3728 cum
1064 3670 1112 3727 illa

102 3778 233 3844 fundum
264 3777 397 3846 secunda
428 3776 551 3844 fortuna
584 3776 703 3837 (emisset
736 3777 766 3835 in
800 3776 880 3834 diem
912 3792 1009 3849 neque
1044 3784 1112 3848 post
