2817 4250
229 339 272 402 30
520 334 690 385 CORNELII
715 335 862 385 NEPOTIS
884 336 990 385 VITAE
1223 337 1291 406 ¹[lv.

278 515 329 582 qui
356 509 386 565 in
414 508 528 584 oppide
556 518 638 566 erant
665 510 798 577 Athenis
822 509 1009 568 deicerentur
1037 521 1155 585 praeter
1183 516 1291 582 riuum,

278 621 330 689 qui
353 624 422 672 ante
447 616 562 673 ienuam
588 625 650 672 erat
674 616 985 692 Andocidi—itaque
1007 617 1056 674 ille
1077 623 1183 692 posteai
1204 618 1290 674 Mer-

278 721 376 779 curius
404 720 552 779 Andocidi
579 722 723 780 vocitetus
752 733 805 781 est.
848 725 918 781 Hec
946 742 1014 780 curn
1043 728 1201 798 appeteret
1225 728 1291 780 nen

279 827 341 884 siue
366 833 472 902 migne
496 827 653 885 multerum
680 829 875 886 censensiene
898 847 962 886 esse
983 828 1102 897 iactum,
1125 846 1202 902 quae
1225 834 1291 885 nen

242 956 253 1003 ς
277 931 316 990 ad
350 939 503 1007 privetam,
530 932 584 991 sed
616 932 655 990 ad
686 933 835 1008 piiblicam
866 952 930 991 rem
961 934 1131 1009 pertineret,
1160 940 1291 1009 magnus

279 1037 458 1096 multitridini
478 1038 567 1097 timor
588 1049 633 1097 est
653 1039 779 1097 iniectus
799 1044 838 1097 ne
858 1058 917 1114 qua
936 1046 1090 1114 repentina
1106 1046 1148 1097 vis
1167 1040 1199 1096 iu
1215 1039 1290 1097 civi-

279 1150 338 1201 tete
368 1145 626 1219 exsisteret,‚qnae
654 1146 821 1206 libertatem
849 1146 1030 1220 opprimeret
1057 1146 1168 1220 populi.
1213 1147 1291 1203 Hbc

279 1250 406 1308 menime
434 1257 590 1309 convenire
615 1252 646 1309 in
669 1252 856 1312 Alcibiadem
877 1251 1041 1322 videbetnr,
1067 1251 1149 1326 quod
1175 1261 1205 1309 et
1231 1269 1289 1326 po-

278 1356 387 1414 tentior
418 1366 448 1415 et
479 1357 573 1415 meior
607 1375 696 1431 quam
732 1364 860 1433 privetus
895 1358 1132 1430 exsufflabitur,
1176 1358 1290 1416 multes

230 1492 257 1524 10
278 1462 358 1519 enim
391 1461 563 1520 Iiberelitete
593 1462 774 1535 devinxerat,
803 1463 902 1539 phires
932 1464 1022 1522 etiam
1050 1469 1142 1537 opere
1175 1463 1291 1522 lorensi

277 1573 345 1626 sues
366 1567 546 1627 reddiderat.
590 1570 657 1643 Quai
684 1575 716 1628 re
744 1570 838 1628 tiebat
866 1580 899 1628 ut
921 1569 1054 1628 omnium
1075 1569 1188 1640 ocules,
1209 1587 1289 1644 quo-

278 1673 483 1750 tienscumque
517 1675 548 1732 in
582 1675 733 1750 pirblicnm
769 1676 923 1750 primisset,
949 1674 988 1732 ad
1026 1680 1058 1734 se
1098 1682 1317 1733 converteret

277 1798 375 1856 neque
397 1787 425 1838 ei
444 1787 498 1856 per
518 1781 674 1856 quisquam
695 1781 726 1838 in
748 1783 864 1840 civitate
885 1786 1052 1856 perderetur.
1096 1782 1203 1855 Itaque
1224 1786 1291 1838 nen

277 1888 373 1945 selum
398 1904 481 1960 spem
509 1887 540 1944 in
568 1892 605 1945 ee
633 1886 783 1946 habebant
812 1889 980 1959 maximam,
1001 1886 1054 1945 sed
1080 1887 1171 1944 etiam
1196 1886 1289 1944 tirne-

229 2016 253 2064 ις
277 2010 350 2064 rem,
385 1992 466 2066 quod
509 2002 538 2049 et
580 1994 685 2050 obesse
719 1993 876 2067 plurimum
911 2003 942 2050 et
977 1991 1119 2067 predesse
1155 2002 1289 2066 poterat.

277 2098 496 2174 Aspergebetur
523 2098 611 2155 etiam
642 2099 776 2170 infrimie,
804 2098 887 2173 quod
917 2099 948 2155 ln
978 2096 1070 2156 dome
1101 2103 1155 2156 sne
1185 2098 1289 2156 facere

277 2205 416 2279 mysteria
436 2203 731 2278 dicebetur-quod
752 2205 839 2262 netes
864 2214 926 2261 erat
952 2209 1035 2262 mere
1057 2203 1289 2262 Atheniensium

276 2310 418 2384 —idque
445 2316 506 2368 nen
534 2310 572 2367 ad
599 2310 782 2385 religienem,
808 2310 861 2368 sed
889 2309 928 2368 ad
955 2310 1191 2368 conieretienem
1217 2328 1288 2385 per-

277 2417 370 2475 tinere
393 2417 620 2475 existimebaitnr.
776 2403 779 2411 ¹

226 2550 255 2582 ιο
317 2522 371 2580 IV.
404 2523 474 2579 Herc
502 2521 623 2578 crimine
654 2520 684 2577 in
715 2521 855 2579 centiene
890 2522 927 2579 ab
962 2520 1087 2578 inimicis
1122 2520 1289 2595 compelle-

187 2637 190 2643 '
276 2628 370 2686 betur.
413 2625 472 2685 Sed
492 2626 619 2685 instebat
641 2636 758 2700 tempus
779 2626 818 2683 ad
840 2627 948 2685 bellurn
970 2625 1204 2700 profisciscendi.
1250 2625 1289 2684 Id

276 2733 325 2791 ille
346 2733 462 2791 intuens
483 2750 581 2807 neque
601 2737 738 2807 ignerens
760 2732 866 2789 civium
888 2737 1006 2790 suerum
1033 2730 1287 2790 censuetedInem

276 2838 453 2914 postulebat,
475 2844 499 2895 si
523 2836 595 2911 quid
621 2837 659 2895 de
684 2842 717 2895 se
741 2843 788 2912 agi
808 2835 924 2907 vellent,
946 2836 1044 2910 potius
1066 2835 1105 2893 de
1126 2846 1288 2910 praesente

277 2944 410 3019 quaestie
432 2943 598 3013 haberetur,
620 2960 710 3017 qnam
731 2943 837 2999 absens
861 2940 988 2999 invidiae
1014 2940 1137 2999 crimine
1162 2947 1287 3000 accese-

226 3079 252 3126 25
276 3055 364 3109 retur.
408 3050 525 3107 Inimici
550 3052 621 3106 veri>
650 3048 714 3106 eius
737 3046 951 3121 quiescendum
976 3046 1006 3103 in
1033 3053 1193 3121 praesenti,
1215 3048 1289 3122 quia

277 3160 378 3213 noceri
405 3160 433 3212 ei
460 3158 521 3211 nen
553 3170 641 3227 posse
671 3152 890 3228 intellegebant,
920 3161 950 3209 et
980 3150 1052 3209 illud
1083 3160 1202 3228 tempus
1235 3171 1287 3211 ex·

276 3259 473 3337 spectandum
498 3257 694 3317 decreverunt
718 3262 778 3332 que
803 3263 918 3326 exisset,
941 3266 973 3314 ut
999 3256 1154 3315 absentem
1181 3276 1287 3333 aggre-

277 3366 435 3436 derentur3
470 3365 570 3438 itaque
598 3363 745 3431 fecerunt.
798 3362 877 3420 Nam
905 3370 1062 3436 postquam
1092 3362 1123 3419 in
1153 3361 1287 3421 Siciliam

276 3490 345 3531 eum
372 3470 541 3545 pervenisse
569 3467 768 3538 credidemnt,
796 3467 959 3537 absentem,
988 3465 1071 3540 quod
1102 3485 1187 3525 sacra
1223 3468 1288 3526 vio·

226 3608 254 3655 30
276 3579 373 3648 Iesset,
395 3594 477 3633 reum
500 3575 646 3632 secemnt.

317 3682 385 3756 Que
412 3680 452 3739 de
480 3685 512 3738 re
539 3698 608 3738 cum
636 3685 664 3737 ei
693 3677 811 3735 mintius
842 3682 860 3734 e
890 3676 1059 3751 magistretii
1091 3677 1121 3734 in
1153 3676 1289 3737 Siciliam

278 3795 381 3847 missus
412 3795 499 3859 esset,
526 3794 559 3843 ut
588 3784 713 3847 domum
744 3781 783 3847 ad
813 3799 932 3849 causam.
966 3781 1125 3854 dicendam
1162 3782 1286 3864 rediret,
