2817 4250
526 325 696 375 CORNELII
719 325 867 375 NEPOTIS
888 326 995 375 VITAE
1191 327 1252 391 [1v.,
1267 341 1293 378 ν.

185 478 225 605 c*
285 504 404 556 (imitus
434 505 477 556 ire
508 510 618 573 posset,
647 505 707 573 qua
736 504 822 556 antea
854 503 928 556 imus
961 499 1051 557 homo
1087 500 1207 559 inermis
1241 502 1292 558 vix
1389 581 1390 584 Ἴ

175 630 194 683 ς
285 614 402 680 poterat
430 609 544 679 repere.
586 606 655 663 Hac
683 604 784 680 copias
812 604 940 663 traduxit
967 605 998 662 in
1023 591 1198 680 italiamque
1223 624 1290 682 per·
1388 587 1390 658 ¹

167 767 187 780 „,
285 708 400 859 venitx
905 697 920 780 l

143 796 183 862 N
327 818 378 874 IV.
414 816 593 875 Conflixerat
634 814 715 890 apud
756 816 937 875 Rhodanum
974 835 1044 874 cum
1083 817 1115 875 P.
1151 817 1290 876 Cornelio

120 862 164 968 l·
196 851 261 990 l²5
285 923 422 997 Scipione
455 922 576 981 consule
606 940 735 996 eumque
767 899 1062 1087 pepulerathum
1090 922 1149 981 hoc
1180 923 1290 982 eodem

286 1029 420 1088 Clastidii
461 1028 541 1104 apud
584 1029 697 1087 Padum
740 1029 874 1087 decernit
913 1047 964 1087 sau
983 1029 1103 1104 iumque
1144 1030 1215 1088 inde
1253 1049 1289 1090 ac

286 1135 416 1210 fugitum
445 1101 607 1213 dimittitl
629 1134 732 1193 Tertio
759 1134 839 1192 idem
868 1134 966 1210 Scipio
994 1153 1062 1192 cum
1090 1136 1214 1211 conlega
1239 1136 1288 1193 Ti.

287 1242 391 1315 Longo
425 1240 506 1315 apud
539 1239 678 1299 Trebiam
715 1239 853 1298 adversus
888 1259 956 1298 eum
993 1240 1081 1299 venit.
1137 1241 1214 1300 Cum
1246 1248 1289 1300 eis

286 1364 406 1404 manum
430 1346 589 1417 conseruit,
610 1350 750 1420 utrosque
773 1345 946 1421 profligavit.
989 1345 1066 1404 Inde
1091 1364 1144 1421 per
1169 1347 1289 1422 Ligures

238 1478 264 1510 ιο
284 1455 495 1526 Appenninum
526 1450 647 1523 transiit,
676 1456 781 1526 petens
811 1451 967 1510 Etruriam.
1027 1453 1098 1509 Hoc
1127 1452 1157 1509 in
1183 1452 1288 1511 itinere

286 1557 363 1616 adeo
392 1565 473 1633 gravi
503 1557 609 1615 morbo
643 1557 780 1615 adficitur
811 1557 974 1629 oculorum,
1003 1567 1035 1615 ut
1066 1564 1171 1632 postea
1204 1577 1289 1617 num·

286 1681 375 1738 quam
399 1663 505 1722 dextro
529 1667 624 1737 aeque
649 1662 726 1721 bene
750 1667 819 1720 risus
844 1662 890 1721 sit.
932 1663 1000 1736 Qui
1023 1663 1190 1722 valetudine
1218 1683 1288 1721 cum

286 1770 448 1826 etiamnum
479 1773 662 1843 premeretur
692 1768 856 1843 lecticaque
888 1769 1019 1840 ferretur,
1048 1769 1083 1828 C.
1113 1769 1289 1828 Flaminium

286 1875 438 1933 consulem
470 1872 551 1948 apud
581 1875 797 1932 TrasumEnum
828 1892 897 1931 cum
929 1875 1060 1932 exercitii
1091 1874 1203 1934 insidiis
1233 1876 1288 1932 cir-

237 2001 262 2046 15
286 1989 475 2038 cumventum
513 1978 633 2052 occidit,
662 1997 760 2054 neque
799 1979 892 2037 multo
930 1988 997 2054 post
1036 1980 1070 2039 C.
1111 1981 1289 2040 Centenium

286 2091 453 2162 praetorem
478 2103 546 2144 cum
573 2084 691 2145 delecta
719 2090 807 2144 manu
835 2085 924 2144 saltus
952 2097 1160 2161 occupantem.
1207 2087 1289 2145 Hinc

286 2193 316 2250 in
340 2179 478 2268 tipirliam
506 2192 648 2267 pervenit.
691 2192 739 2252 Ibi
767 2191 885 2250 obviam
914 2198 940 2250 ei
964 2197 1107 2251 venetunt
1132 2192 1192 2251 duo
1217 2200 1288 2252 con-

286 2299 372 2370 sules
400 2299 434 2357 C.
463 2297 619 2356 Terentius
647 2308 678 2355 et
707 2298 740 2355 L.
765 2297 915 2355 Aemilius.
957 2298 1116 2373 Utriusque
1145 2299 1290 2357 exercitiis

286 2410 345 2463 imo
373 2404 486 2479 proelio
515 2403 632 2479 fugavit,
655 2403 777 2460 Paulum
806 2402 958 2461 consulem
987 2403 1098 2462 occidit
1124 2414 1154 2461 et
1178 2404 1291 2479 aliquot

235 2533 264 2564 20
285 2515 440 2586 praeterea
467 2508 644 2580 cumulares,
669 2509 759 2566 ineis
787 2509 843 2568 Cn.
868 2508 1020 2567 Servilium
1045 2510 1214 2581 Geminum,
1240 2517 1292 2585 qui

286 2615 438 2691 superiore
458 2619 536 2672 anno
557 2614 651 2671 fuerat
672 2614 784 2672 consul.

325 2723 362 2780 V.
392 2722 461 2778 Hac
495 2724 595 2795 pugna
628 2725 759 2795 pugnata
793 2721 921 2778 Romam
954 2720 1104 2794 profectus
1135 2722 1215 2779 millo
1245 2740 1290 2779 re·

286 2827 406 2885 sistente
434 2826 464 2884 in
492 2832 665 2901 propinquis
692 2825 758 2883 urbi
785 2826 935 2884 montibus
962 2831 1092 2885 moritus
1118 2839 1170 2885 est.
1213 2828 1293 2887 Cum

286 2933 398 3007 aliquot
422 2931 462 2991 ibi
487 2931 551 2990 din
575 2942 671 2989 castra
695 2931 846 2990 habuisset
871 2941 900 2989 et
925 2931 1058 3007 Capuam
1087 2938 1293 3006 reverteretur,
1318 2892 1370 3023 pli

236 3063 262 3111 25
287 3040 325 3113 Q.
352 3037 460 3096 Fabius
485 3037 641 3109 Maximus,
667 3036 794 3095 dictitor
819 3039 981 3109 Romanus,
1007 3037 1036 3094 in
1065 3020 1135 3113 agro'¹
1164 3038 1235 3098 Fale
1275 3046 1292 3053 “

286 3151 315 3202 ei
342 3148 374 3202 se
401 3107 548 3223 obiecit}
564 3144 624 3200 Hic
649 3143 764 3201 clausus
789 3142 923 3201 locorum
947 3029 1382 3453 Ἦῑριῑωοοῑη

286 3250 346 3308 tillo
370 3248 550 3309 detrimento
575 3241 727 3306 exercitiis
746 3252 778 3307 se
803 3248 955 3325 expedivit
979 3249 1143 3324 Fabioque,
1165 3250 1221 3307 call
1354 3314 1358 3322 ¹

1276 3375 1293 3415 e

287 3357 362 3415 simo
396 3355 576 3430 imperatori,
607 3353 692 3413 dedit
726 3355 835 3427 verba;
874 3373 1002 3429 namque
1037 3349 1169 3435 obduc'·
1202 3366 1274 3414 noct

287 3471 435 3522 sarmenta
458 3461 489 3519 in
513 3460 652 3520 cornibus
680 3460 871 3518 iuvencorum
898 3460 1026 3537 deligita
1053 3460 1188 3520 incendit
1217 3462 1291 3520 eius·

236 3595 265 3642 ³0
287 3587 346 3644 que
378 3567 494 3645 generis
524 3564 744 3625 multitudinem
778 3572 916 3642 magnam
951 3565 1127 3641 dispalatam
1161 3567 1289 3625 immisit.

288 3675 357 3749 Qud
379 3676 534 3749 repentino
553 3676 617 3729 visti
637 3671 759 3730 obiecto
780 3682 893 3731 tantum
916 3676 1058 3731 terrorem
1083 3672 1186 3733 iniecit
1208 3691 1288 3731 exer·

287 3780 358 3840 citui
381 3780 593 3849 Romanorum,
616 3785 648 3834 ut
671 3776 773 3854 egredi
797 3783 879 3837 extra
898 3778 1005 3837 villum
1027 3782 1117 3839 nemo
1127 3764 1367 3893 {tannem

1384 4028 1387 4219 l
