2817 4250
111 309 183 373 xiia]
555 310 723 361 EUMENES
1121 315 1162 382 95

108 483 190 540 iussit
200 504 209 556 ,·
240 500 309 540 nam
335 482 461 558 negabat
486 488 517 542 se
543 490 571 540 ei
595 484 653 541 vim
679 483 855 555 adlaturum,
881 491 929 542 cui
953 485 1112 560 aliquando

106 589 210 646 fuisset
237 595 357 648 amicus
409 590 468 646 Hic
496 599 597 647 tamen
624 594 685 647 non
713 590 847 666 amplius*
867 608 956 664 quam
985 589 1112 649 triduum

106 694 187 752 fame
208 694 352 770 fatigatus,
375 713 443 752 curn
464 705 559 752 castra
580 699 777 768 moverentur,
798 696 941 754 insciente
963 697 1112 772 Antigono

104 800 253 874 iugulatus
275 810 319 858 est
340 806 358 857 a
378 800 559 858 custodibus.

146 906 236 963 XIII.
265 907 313 965 ffic
342 907 491 964 Eumenes
519 912 663 964 annorum
694 913 824 982 quinque
853 916 883 965 et
911 907 1113 982 quadriginti,
1138 933 1148 979 5

104 1029 176 1068 cum
209 1011 248 1097 ab
283 1016 361 1068 anno
396 1011 547 1083 vicesimo,
575 1019 618 1069 uti
653 1018 741 1086 supra
776 1010 967 1084 ostendimus,
997 1023 1113 1088 septem

104 1122 201 1175 annds
233 1117 370 1191 Philippo
400 1117 592 1192 apparuisset,
623 1116 767 1175 tredecim
802 1117 883 1193 apud
914 1118 1113 1177 Alexandrum

104 1221 238 1280 eundem
274 1222 373 1280 locum
407 1222 590 1293 obtinuisset,
622 1223 652 1279 in
679 1229 721 1280 eis
755 1229 847 1280 imum
882 1224 1015 1298 equiturn
1050 1225 1113 1283 alae

103 1329 291 1402 praefuisset,
313 1338 388 1403 post
425 1338 524 1385 autern
565 1328 724 1386 Alexandri
762 1330 864 1404 Magni
899 1339 1024 1387 mortem
1059 1331 1113 1387 im·

105 1440 226 1510 petitor
250 1435 394 1492 exercitis
419 1435 550 1493 dixisset
574 1441 764 1510 summosque
792 1434 884 1494 duces
912 1439 1018 1512 partim
1046 1455 1112 1512 rep·
1138 1463 1164 1493 10

105 1540 240 1616 polisset,
262 1540 368 1615 partim
390 1540 600 1612 interfecisset,
621 1551 727 1616 captus
748 1531 809 1599 non
833 1543 974 1616 AntIgoni
997 1543 1113 1614 virtrite,

106 1646 163 1704 sed
189 1646 392 1705 Macedonum
417 1646 545 1720 periurio
570 1647 659 1704 talem
684 1647 786 1706 habuit
811 1648 920 1705 exitum
949 1654 1035 1706 vitae.
1078 1649 1114 1706 In

105 1759 169 1827 quo
190 1761 301 1827 quanta
321 1752 454 1810 omnium
476 1751 562 1810 fuerit
583 1753 684 1827 opinio
706 1758 818 1824 eorum,
834 1760 883 1828 qui
904 1764 971 1829 post
988 1754 1113 1811 Alexan-

106 1859 195 1916 drum
232 1860 377 1933 Magnum
415 1863 500 1933 reges
535 1869 603 1916 sunt
638 1859 786 1933 appellati,
815 1877 852 1922 ex
887 1860 944 1917 hoc
976 1860 1114 1918 facillime

106 1974 210 2039 potest
237 1964 370 2036 iudicari,
398 1944 490 2039 quod,
518 1969 644 2038 quorum
672 1969 762 2022 nemo
794 1967 928 2022 Eumene
963 1971 1028 2023 vivo
1063 1971 1114 2023 rex
1139 1998 1162 2042 ¹5

19 2066 20 2142 ζ
106 2070 274 2147 appellatus
299 2080 353 2143 est,
376 2069 430 2129 sed
455 2070 630 2145 praefectus,
656 2070 755 2129 eidem
781 2081 849 2146 post
870 2071 954 2130 hirius
975 2078 1113 2130 occasum

18 2151 20 2158 ,
106 2178 208 2236 statim
250 2178 362 2253 regium
401 2183 536 2236 ornatum
575 2183 744 2252 nomenque
784 2182 970 2253 sumpserunt
1007 2196 1113 2253 neque,

107 2283 191 2358 qnod
228 2283 312 2341 Initio
350 2282 565 2359 praedicarant,
594 2288 625 2341 se
663 2282 823 2341 Alexandri
859 2284 955 2343 liberis
991 2288 1114 2358 regnum

107 2395 235 2460 servare,
249 2394 397 2464 praestare
419 2389 574 2447 voluErunt
595 2398 625 2446 et
646 2388 705 2447 hoc
726 2394 786 2446 rino
808 2394 1025 2463 proprignaitore
1047 2389 1113 2448 sub-

107 2496 168 2553 lato
197 2494 270 2569 quid
299 2501 440 2553 sentirent
466 2499 652 2569 aperuerunt.
695 2494 793 2553 Huius
821 2495 937 2552 sceleris
964 2495 1115 2570 principes
1137 2529 1165 2559 20

108 2601 228 2659 fuerunt
249 2601 423 2675 Antigonus,
442 2600 637 2672 Ptolemaeus,
657 2600 806 2672 Seleucus,
824 2599 1024 2675 Lysimachus,
1043 2601 1113 2659 Cas·

108 2706 244 2765 sandrus.
305 2706 468 2781 Antigonus
496 2715 595 2763 autem
624 2707 790 2763 Eumenem
818 2715 967 2764 mortuum
995 2712 1114 2782 propin-

108 2819 175 2887 quis
204 2812 267 2871 eius
298 2810 502 2887 sepeliendum
533 2810 662 2869 tradidit.
720 2812 746 2867 li
780 2811 896 2869 militari
930 2812 1116 2887 honestoque

20 2975 21 2992 2
109 2918 228 2989 fimere,
252 2918 414 2975 comitante
435 2922 499 2975 toto
524 2917 664 2987 exercitii,
686 2917 880 2975 humaverunt
903 2935 1028 2991 ossaque
1054 2918 1116 2977 'eius

109 3025 139 3081 in
160 3022 388 3099 Cappadociam
410 3022 449 3079 ad
471 3028 594 3081 matrem
616 3033 706 3099 atque
723 3029 846 3083 uxorem
866 3023 1031 3099 liberosque
1053 3024 1116 3084 Eius
1139 3059 1164 3109 ²5

110 3128 298 3205 deportanda
318 3132 464 3188 curarunt.
