2817 4250
140 323 190 388 1v.]
567 321 775 371 TIMOTHEUS
1157 327 1198 391 59

139 496 258 566 niteret,
288 497 396 553 multae
424 513 532 553 novem
560 500 658 570 partes
687 493 814 552 detraxit
841 505 872 552 et
899 493 1005 552 decern
1038 495 1148 553 talenta

66 665 68 668 ,
139 603 309 674 Conenem
332 603 427 660 filium
449 603 520 673 eius,
542 602 581 659 ad
607 607 680 660 uniri
704 601 855 676 quandam
876 612 990 677 partem
1013 603 1146 660 reficien-

139 707 211 766 dam
240 709 324 766 iussit
350 707 431 766 dare.
474 710 510 765 ln
538 713 598 782 que
628 709 767 766 fortunae
796 708 919 765 varietes
945 718 990 766 est
1015 707 1147 766 animad-

138 833 233 873 versa.
277 816 355 872 Nam
380 819 462 889 quos'
480 833 550 872 avus
573 819 671 872 mures
693 832 731 871 ex
752 815 880 871 hostium
902 814 1014 888 praede
1035 814 1146 888 patriae

138 921 317 992 restituerat,
339 920 462 979 eesdem
484 927 579 996 nepos
601 939 669 978 curn
694 927 809 978 summa
832 921 995 994 igneminiai
1020 921 1147 978 familiae
1171 947 1182 994 5

138 1047 176 1086 ex
202 1034 255 1086 sue
278 1033 310 1086 re
335 1029 468 1085 familieri
491 1029 613 1085 reficere
634 1033 756 1085 coictus
778 1037 831 1084 est.
873 1027 1024 1085 Timothei
1046 1037 1146 1086 autem

138 1134 312 1193 moderetae
334 1135 534 1209 sapientisque
555 1141 631 1192 vitae
656 1152 725 1190 cum
746 1133 886 1207 pleraque
908 1140 1054 1207 possimus
1077 1140 1144 1208 pre·

137 1241 215 1297 serre
240 1240 417 1311 testimenia,
442 1245 502 1306 tine
528 1240 635 1297 erimus
660 1246 803 1310 contenti,
828 1239 911 1312 quod
936 1257 974 1296 ex
998 1244 1035 1298 ee
1061 1239 1145 1297 facile

136 1346 238 1403 conici
257 1346 376 1420 poterit,
398 1363 487 1420 quarn
508 1352 592 1404 cerus
613 1351 671 1402 suis
692 1345 788 1402 fuerit.
830 1345 908 1403 Cum
928 1345 1052 1403 Athenis
1072 1344 1145 1402 adu·

136 1452 317 1510 lescentulus
344 1469 463 1509 causam
496 1450 618 1522 diceret,
646 1456 708 1509 nen
738 1451 834 1508 selum
866 1457 953 1508 amici
983 1457 1145 1526 privitique
1170 1470 1196 1500 10

136 1558 272 1632 hospites
297 1557 335 1614 ad
360 1577 428 1615 eum
450 1555 673 1614 defendendum
694 1561 905 1628 convenerunt,
927 1555 981 1613 sed
1003 1556 1093 1614 etiam
1114 1556 1144 1613 in

136 1670 179 1721 eis
206 1665 306 1733 lesen,
329 1673 467 1738 tyrannus
491 1662 670 1733 Thessaliae,
692 1669 744 1736 qui
767 1661 818 1719 illo
842 1671 977 1735 tempore
1002 1661 1056 1719 suit
1080 1680 1143 1719 om-

135 1770 234 1826 nium
249 1769 480 1844 potentissimus.
523 1769 584 1825 Hic
611 1785 679 1824 cum
708 1763 739 1824 in
766 1767 861 1841 patrii
884 1767 946 1824 sine
972 1767 1143 1825 satellitibus

136 1880 169 1933 se
202 1880 298 1932 tritum
329 1879 391 1932 nen
421 1874 617 1945 arbitraretur,
645 1873 778 1931 Athenis
809 1873 872 1930 sine
904 1873 963 1931 ulle
995 1873 1143 1947 praesidii)

134 1981 218 2038 venit
245 1987 377 2055 tantique
405 1980 554 2054 hospitem
579 1980 593 2035 s
596 1979 664 2050 ecit,
688 1988 721 2036 ut
750 1979 850 2036 mallet
874 1984 906 2036 se
933 1978 1038 2052 capitis
1067 1985 1142 2052 peri-
1168 2001 1192 2048 ¹5

136 2086 238 2145 culum
263 2085 343 2144 adire
368 2104 457 2161 quam
482 2085 641 2143 ”limothee
670 2084 709 2143 de
738 2084 822 2142 laima
849 2084 1001 2143 dimicanti
1027 2083 1142 2143 deesse.

136 2195 231 2251 Hunc
267 2193 405 2251 adversus
441 2202 542 2250 tamen
579 2191 754 2249 Timotheus
789 2197 894 2265 posteri
927 2190 1029 2265 populi
1063 2191 1142 2248 irissri

135 2300 247 2359 bellum
272 2299 380 2374 gessit,
410 2299 523 2374 patriae
548 2298 627 2355 enim
651 2297 801 2355 sanctiora
823 2296 887 2354 hira
911 2313 1000 2370 quam
1022 2295 1143 2370 hospitii

135 2424 203 2464 esse
225 2405 316 2464 duxit.

179 2513 267 2569 Haec
298 2516 429 2568 extrema
458 2510 512 2568 fuit
547 2516 626 2567 aetes
661 2509 872 2582 impereterum
906 2507 1139 2577 Atheniensium,
1164 2533 1192 2564 ιο

133 2605 306 2691 Ϊρὴίεταῐὶε,
326 2616 482 2687 Chabriae,
502 2615 662 2686 Timothei,
682 2632 779 2688 neque
800 2623 868 2687 post
889 2613 1004 2671 illorum
1027 2613 1141 2671 obitum

133 2723 293 2797 quisquam
314 2722 375 2780 dux
396 2722 426 2778 in
447 2720 496 2777 ille
512 2721 588 2778 'urbe
611 2720 663 2778 luit
685 2719 790 2794 dignus
811 2718 964 2776 memorie.

176 2828 273 2884 Venio
301 2845 380 2883 nunc
408 2827 447 2884 ad
476 2826 665 2883 fortissimum
692 2826 786 2883 virum
818 2825 998 2899 maximique
1026 2824 1142 2882 consilii

133 2934 270 3013 omniurn
302 2933 503 3004 barbarorum,
532 2939 662 3006 exceptis
693 2931 809 2990 duribus
840 2931 1139 3006 Carthaginiensibus,

133 3040 308 3098 Hamilcare
337 3049 366 3097 et
395 3038 573 3096 Hannibale.
618 3040 664 3096 De
692 3043 753 3112 que
778 3038 835 3095 hec
859 3037 943 3112 phira
970 3035 1139 3107 reseremus,
1162 3061 1188 3108 ²5

132 3145 218 3221 quod
246 3155 276 3203 et
303 3145 473 3203 obscirriera
502 3155 569 3202 sunt
592 3144 654 3202 eius
677 3136 761 3219 gesta
784 3144 923 3217 pleraque
950 3152 980 3199 et
1004 3160 1040 3200 ea
1064 3160 1139 3216 quae

132 3256 278 3327 prespere
312 3258 340 3308 ei
373 3256 533 3322 cesserunt,
561 3256 622 3308 nen
657 3248 858 3325 megnitirdine
894 3249 1057 3323 ceperum,
1085 3249 1139 3305 sed

132 3357 259 3427 censilii,
287 3362 347 3431 que
375 3366 438 3414 tum
465 3361 569 3414 omnes
597 3356 765 3429 superebat,
794 3353 966 3412 acciderunt
976 3375 985 3426 3
1014 3359 1139 3428 quomm

132 3462 191 3527 nisi
213 3462 286 3526 ratio
308 3464 453 3543 explicata
471 3462 566 3537 fuerit,
587 3466 633 3522 res
655 3466 798 3539 apperere
818 3465 879 3518 nen
900 3469 1048 3534 poterunt.
