2817 4250
144 280 221 343 v111.]
595 279 763 330 EUMENES
1161 292 1200 356 91

143 453 269 510 nomine
305 453 526 510 tabernaculum
561 453 662 511 statuit
695 453 726 510 in
765 459 861 528 eaque
898 455 999 512 sellam
1035 473 1153 514 auream

143 577 215 616 cum
255 563 374 633 sceptra
409 577 445 615 ac
480 557 649 616 diademate
686 559 771 616 iussit
808 565 880 634 pani
918 565 1015 636 eaque
1050 567 1154 620 omnas

143 663 270 721 cottidia
295 671 462 734 convenire,
485 674 517 721 ut
541 664 644 723 ibide
668 671 790 723 summis
814 665 901 724 rabus
922 667 1044 725 cansilia
1065 685 1153 742 eape-

143 781 248 828 rentur
259 791 268 842 ;
296 770 421 828 eradens
443 771 556 828 minare
581 775 613 828 εδ
637 769 749 829 invidia
771 771 843 842 sore,
865 778 889 829 si
913 773 1013 847 specie
1038 773 1155 849 imperii

143 877 336 951 nominisque
367 876 552 934 simulatiane
583 874 743 934 Alexandri
777 877 886 934 bellum
916 878 1065 936 videratur
1101 879 1152 937 ad·
1179 905 1189 951 5
1220 916 1222 923 ·

144 982 323 1040 ministrare.
364 981 455 1056 Quod
483 982 607 1054 eliacit3
645 1000 716 1039 nam
747 1001 816 1039 cum
848 987 908 1041 n'on
939 983 978 1041 ad
1011 985 1154 1044 Eumenis
1233 1037 1235 1042 .
1314 984 1322 1001 ⁵

143 1087 301 1163 principia,
325 1087 378 1146 sed
406 1087 445 1146 ad
472 1089 552 1163 regia
580 1092 786 1146 eonveniratur
814 1098 902 1162 atque
931 1089 972 1148 ibi
1000 1089 1039 1148 de
1067 1091 1154 1150 rabus

143 1192 367 1264 daliberaratur‚
381 1192 513 1268 quadam
535 1192 627 1252 modo
648 1193 768 1264 latabat,
790 1212 859 1250 cum
881 1204 981 1253 tamen
1005 1214 1059 1270 per
1084 1213 1152 1254 eum

143 1304 238 1357 anum
261 1309 431 1374 gererentur
452 1298 561 1357 omnia.
765 1368 766 1372 ἵ

186 1405 275 1462 VIII.
306 1406 366 1462 Hic
394 1405 424 1462 in
453 1407 616 1463 Paraetacis
644 1423 713 1462 cum
742 1405 891 1480 Antigona
922 1405 1064 1478 conflixit,
1092 1413 1153 1465 nan
1178 1431 1204 1461 ιο

145 1511 214 1568 acia
248 1515 396 1582 instricta,
424 1509 478 1569 sed
513 1510 544 1568 in
577 1511 691 1582 itinere,
721 1529 848 1586 eumque
884 1512 960 1570 male
995 1523 1153 1588 acceptum

144 1617 178 1673 in
210 1615 346 1674 Mediam
377 1616 540 1674 hiematum
571 1616 670 1692 coagit
701 1615 806 1675 redire.
863 1617 932 1692 Ipse
963 1618 994 1674 in
1026 1618 1155 1676 finitima

144 1721 268 1798 regiane
298 1722 424 1781 Persidis
452 1723 613 1781 hiematum
641 1723 742 1796 capias
771 1723 877 1793 divisit,
908 1729 967 1782 nan
994 1734 1026 1781 ut
1052 1725 1152 1796 voluit,

145 1827 203 1886 sed
230 1837 263 1885 ut
291 1827 415 1884 militum
443 1828 570 1902 cogabat
597 1828 741 1886 voluntas.
784 1829 922 1903 Namque
950 1829 999 1886 illa
1025 1830 1154 1904 phalanx

145 1934 308 1992 Alexandri
347 1935 458 2010 Magni,
494 1951 570 2009 quae
607 1934 706 1991 Asiam
745 1939 911 2009 peragrarat
946 1933 1152 2010 deviceratque
1178 1963 1202 2010 ¹5

146 2043 261 2112 Persas,
289 2041 451 2098 inveterata
483 2058 551 2097 cum
588 2040 680 2116 glaria
715 2049 776 2097 tum
812 2040 901 2097 etiam
935 2040 1065 2113 licentia,
1093 2047 1153 2100 non

145 2150 252 2223 parare
290 2152 322 2205 εδ
360 2145 494 2217 ducibus,
523 2145 577 2205 sed
614 2147 760 2221 imperare
794 2147 970 2221 postulabat,
1006 2157 1038 2205 ut
1074 2165 1153 2206 nunc

145 2258 280 2311 veterani
303 2252 413 2310 faciunt
437 2259 540 2310 nostri.
582 2253 688 2327 Itaque
717 2252 879 2326 periculum
908 2263 952 2310 est
980 2258 1018 2311 ne
1046 2252 1154 2311 faciant

146 2358 233 2435 quod
257 2359 298 2417 illi
321 2358 468 2430 facerunt,
490 2362 543 2416 sua
564 2358 791 2433 intemperantia
812 2360 961 2433 nimiaque
982 2359 1102 2417 licentia
1121 2369 1154 2417 ut

146 2466 250 2525 omnia
282 2464 408 2541 perdant
437 2482 536 2539 neque
569 2464 665 2522 minus
696 2468 749 2523 eas
779 2482 848 2521 cum
879 2464 984 2539 quibus
1015 2465 1152 2537 fecerint,
1175 2496 1204 2527 ιο

145 2590 238 2647 quam
256 2571 395 2630 adversus
413 2574 489 2646 quos
509 2570 653 2629 steterint.
695 2570 786 2644 Quod
807 2576 832 2627 si
852 2570 917 2644 quis
938 2570 1054 2628 illarum
1071 2580 1151 2629 vete-

144 2683 286 2735 ranarum
314 2678 391 2753 legat
418 2678 505 2748 sacta,
531 2676 613 2752 paria
640 2677 745 2734 harum
774 2680 935 2751 cognascat
964 2693 1061 2751 neque
1089 2694 1152 2734 rem

144 2783 236 2842 allam
265 2784 320 2841 nisi
349 2793 465 2857 tempus
490 2782 631 2840 interesse
656 2780 774 2839 iiidicet.
818 2781 878 2840 Sed
902 2781 941 2839 ad
966 2780 1031 2839 illos
1055 2800 1152 2839 rever-

144 2900 202 2947 tar.
258 2890 394 2947 Hiberna
420 2894 607 2964 sumpserant
638 2892 700 2945 nan
732 2885 770 2943 ad
804 2892 889 2944 risum
922 2887 999 2959 belli,
1028 2887 1081 2945 sed
1113 2888 1152 2945 ad

144 2996 279 3070 ipsarum
307 2995 458 3065 luxuriam,
487 2995 633 3069 longaque
662 2993 739 3051 inter
766 2997 797 3051 εδ
825 2992 1031 3050 discesserant.
1081 2992 1151 3051 Hac
1174 3024 1200 3071 25

144 3100 313 3175 Antigonus
334 3119 402 3157 curn
424 3106 617 3174 comperisset
641 3098 883 3173 intellegeretque
910 3103 941 3156 εδ
966 3116 1068 3173 parem
1089 3104 1151 3156 nan

144 3224 212 3264 esse
240 3210 348 3280 paratis
376 3204 557 3276 adversariis,
586 3205 687 3263 statuit
716 3204 826 3279 aliquid
856 3205 911 3262 sibi
939 3204 1053 3262 cansilii
1082 3211 1152 3261 novi

145 3330 212 3369 esse
235 3310 424 3386 capiendum.
466 3312 552 3369 Duae
574 3320 656 3367 erant
677 3310 741 3367 viae
762 3316 821 3385 qua
842 3328 880 3366 ex
901 3308 1008 3380 Medis
1030 3309 1081 3368 ubi
1103 3309 1150 3366 ille

144 3417 307 3489 hiemabat,
328 3417 368 3476 ad
391 3415 624 3475 adversariarum
653 3415 843 3474 hibernacula
870 3426 971 3490 posset
999 3421 1150 3490 perveniri.

146 3522 282 3597 Quarum
309 3522 426 3581 brevior
453 3540 507 3598 per
533 3522 599 3580 loca
627 3520 754 3593 daserta,
779 3538 855 3595 quae
883 3524 972 3579 nama
1000 3520 1149 3579 incolabat
1173 3539 1201 3584 30

145 3639 271 3705 propter
290 3648 386 3705 aquae
406 3628 548 3704 inopiam,
566 3632 698 3685 ceterum
721 3627 836 3685 diarum
858 3638 920 3685 erat
941 3626 1003 3685 fera
1023 3626 1130 3685 decem
1140 3646 1149 3699 3

145 3736 197 3800 illa
221 3745 330 3809 autem,
355 3741 414 3816 qua
437 3740 541 3798 omnes
564 3734 783 3808 commeabant,
808 3734 901 3793 altera
926 3736 1009 3792 tanta
1036 3730 1148 3806 longia-
