2817 4250
213 313 272 375 132
500 308 670 358 CORNELII
693 309 842 358 NEPOTIS
865 309 972 358 VITAE
1193 307 1263 371 [xlx.

259 480 290 538 iu
314 485 352 539 eri
376 485 431 539 sub
455 490 592 556 tempore
616 481 654 539 sit
675 486 786 553 nbtata,
809 491 849 553 et,
871 481 952 556 quod
974 481 1180 542 difficillimum
1200 484 1263 556 fuit,

260 592 301 644 sic
322 586 497 644 familiairum
517 587 662 663 originem
684 587 842 659 subtexuit,
857 596 890 644 ut
910 605 947 645 ex
968 593 1004 646 eti
1025 589 1169 647 clirtirum
1187 589 1263 648 vini·

260 710 324 749 rum
353 692 530 768 propigines
558 699 705 768 possimus
733 698 925 768 cbgnbscere.
982 694 1066 752 Fecit
1094 695 1153 752 hnc
1183 695 1263 754 idem

260 797 416 873 separitim
455 798 487 855 in
523 798 586 857 aliis
623 798 712 870 libris,
747 808 780 856 ut
818 799 860 856 M.
894 801 977 856 Bruti
1010 805 1114 875 rogatu
1149 801 1263 858 limiam

224 923 235 971 ς
260 902 401 960 familiam
428 909 447 960 ai
473 904 564 979 stirpe
592 903 632 961 ad
656 903 734 961 hanc
758 907 887 962 aetatem
912 903 1016 962 brdine
1041 906 1262 978 enumeraverit,

259 1014 367 1066 notans
387 1010 452 1083 quis
476 1015 496 1067 ai
518 1014 579 1084 qu6
601 1019 682 1068 ortus
706 1013 780 1084 qubs
804 1009 934 1068 honeris
958 1011 1124 1086 quibusque
1150 1021 1263 1087 tempo-

260 1114 339 1172 ribus
363 1115 510 1190 cepisset;
539 1121 602 1190 pari
627 1114 721 1173 modi>
745 1115 880 1173 Marcelli
905 1115 1022 1174 Claudii
1045 1117 1262 1190 Marcellinum,

260 1220 405 1295 Scipipnis
429 1220 561 1280 Cornelii
588 1230 619 1278 et
643 1221 727 1279 Fabii
748 1221 873 1278 Maximi
893 1221 1051 1281 Fabibrum
1074 1234 1104 1282 et
1126 1224 1263 1282 Aemilin-

261 1344 335 1384 rum.
392 1327 508 1400 Quibus
541 1326 622 1386 libris
656 1326 729 1384 nihil
763 1336 863 1402 potest
898 1345 966 1386 esse
996 1327 1111 1387 dulcius
1134 1335 1176 1387 eis
1213 1336 1267 1404 qui

213 1459 240 1489 10
261 1432 390 1506 aliquam
422 1431 617 1507 cupidititem
648 1432 761 1492 habent
790 1432 912 1514 nbtitiae
948 1433 1091 1493 clarbrum
1127 1435 1263 1493 virerum.

260 1537 365 1612 Attigit
392 1539 530 1614 poeticen
558 1557 688 1613 quoque,
715 1537 872 1610 credimus,
896 1543 935 1597 ne
963 1540 1025 1598 eius
1054 1558 1159 1616 expers
1188 1551 1264 1599 esset

261 1644 418 1723 suavititis.
461 1645 599 1719 Namque
620 1644 752 1702 versibus
772 1643 812 1702 de
828 1650 871 1702 eis
894 1651 945 1719 qui
969 1644 1084 1704 honere
1108 1651 1264 1722 rerumque

260 1756 408 1824 gestarum
428 1750 624 1825 amplitudine
645 1754 761 1809 cetenis
781 1751 885 1827 populi
905 1751 1034 1810 Remini
1058 1753 1264 1827 praestiterunt

261 1855 398 1930 exposuit
425 1856 474 1928 ita,
499 1866 531 1914 ut
559 1856 614 1914 sub
641 1855 821 1932 siugulbrum
849 1856 1025 1932 imiginibus
1053 1857 1131 1916 sacta
1159 1858 1263 1934 magis-

212 1982 237 2030 ¹5
261 1967 411 2036 tritusque
435 1967 538 2020 ebrum
562 1967 623 2020 urin
646 1962 772 2037 amplius
800 1969 947 2037 quaternis
975 1969 1107 2038 quinisve
1134 1964 1263 2024 versibus

261 2067 468 2143 descripserim
503 2068 585 2143 quod
620 2068 668 2126 vix
702 2067 885 2128 cr'e‘dendum
921 2069 957 2127 sit
992 2075 1088 2129 tantais
1123 2075 1169 2129 res
1203 2080 1263 2154 tam

261 2173 390 2233 breviter
412 2175 544 2250 potuisse
568 2174 720 2232 declarziri.
763 2176 817 2233 Est
842 2175 931 2233 etiam
957 2180 1032 2234 smus
1053 2175 1127 2235 liber
1149 2178 1263 2237 Graece

261 2279 423 2352 censemus,
444 2280 485 2337 de
506 2279 659 2338 cinsulitii
681 2280 843 2339 cicernnis.

299 2387 382 2443 XIX.
411 2387 498 2444 Haec
526 2386 670 2444 hactenus
696 2386 797 2443 Attice
824 2392 891 2444 vivii
918 2386 999 2445 edita
1026 2392 1044 2445 a
1070 2387 1155 2447 uirbis
1187 2397 1260 2446 sunt.

209 2516 238 2548 ιο
261 2492 359 2563 Nunc,
387 2492 528 2565 quoniam
560 2491 682 2549 snrtt’rna
713 2496 768 2550 ntis
798 2492 968 2567 superstites
1004 2499 1031 2550 ei
1065 2510 1129 2566 esse
1163 2494 1260 2565 voluit,

260 2598 372 2671 reliqua
396 2602 608 2672 persequemur
635 2606 675 2669 et,
699 2606 842 2671 quantum
871 2598 1063 2673 potuerimus,
1089 2603 1185 2656 rerum
1212 2617 1260 2656 ex·

260 2703 365 2777 emplis
386 2702 512 2762 lectites
533 2702 718 2775 docebimus,
737 2709 812 2762 sicut
832 2708 920 2778 supra
940 2704 1176 2779 significavimus,
1194 2710 1260 2763 suris

259 2816 366 2883 cuique
394 2813 493 2867 mures
520 2808 696 2885 plerumque
725 2809 883 2867 eonciliaire
911 2810 1072 2867 fbrtunam.
1125 2811 1260 2886 Namque

259 2915 306 2972 hic
334 2924 491 2973 contentus
519 2915 624 2973 ‹irdine
649 2886 872 2990 equestri‚⁹qu6
897 2925 960 2973 erat
984 2925 1073 2989 ortus,
1098 2916 1129 2975 in
1153 2916 1259 2975 adlini-

208 3038 235 3085 25
259 3026 350 3078 tatem
389 3020 522 3096 pervenit
558 3016 753 3093 impenitens
792 3018 860 3075 Divi
895 3019 958 3092 lilii,
993 3038 1061 3077 cum
1097 3020 1156 3078 iam
1192 3031 1260 3079 ante

258 3126 484 3184 familiarititem
511 3126 574 3183 iius
602 3135 681 3183 esset
707 3128 885 3182 cnnseciitus
913 3124 992 3182 nulli
1023 3124 1079 3183 alii
1110 3129 1141 3183 r'e‘
1172 3143 1259 3200 quam

259 3232 403 3308 elegantia
436 3238 522 3303 vitae,
557 3236 616 3305 quai
648 3234 764 3288 cetenis
802 3234 923 3306 ceperat
957 3231 1104 3306 principes
1139 3231 1262 3289 civitatis

258 3338 399 3413 dignitite
435 3343 507 3411 pari,
545 3337 668 3393 ffirtima
705 3335 884 3394 humiliimis
939 3337 1036 3394 Tanta
1072 3336 1152 3394 euim
1193 3342 1260 3412 prri-

258 3445 381 3518 speritas
402 3444 561 3501 Caesarem
583 3451 628 3499 est
651 3446 820 3513 cinsecita,
842 3451 875 3499 ut
895 3441 968 3499 nihil
992 3448 1020 3500 ei
1043 3426 1105 3500 min
1129 3441 1262 3500 tribuerit

208 3569 237 3615 30
258 3549 380 3607 femina
406 3548 488 3623 quod
509 3554 647 3622 cuiquam
669 3557 739 3605 ante
761 3546 915 3619 detulerat,
936 3558 966 3607 et
987 3548 1159 3620 conciliiuit,
1180 3546 1260 3623 quod

257 3658 347 3712 nemi)
375 3653 472 3711 adhuc
500 3654 571 3711 cIvis
599 3655 752 3711 Reminus
780 3654 872 3727 quivit
900 3659 1051 3729 censequi.
1111 3656 1190 3713 Naita
1217 3663 1260 3711 est

258 3768 357 3817 autem
378 3760 478 3817 Attice
500 3759 596 3834 neptis
619 3777 656 3816 ex
676 3760 816 3834 Agrippi,
839 3766 886 3816 cui
906 3760 1048 3834 virginem
1070 3760 1165 3818 filiam
1190 3777 1258 3817 con-
