2817 4250
216 330 255 393 32
490 287 675 374 'corruam
698 325 848 375 uarorrs
870 326 979 375 vrmu
1219 326 1274 390 [v1.

265 499 363 569 Dare,
392 503 423 556 se
458 497 590 556 contulit.
642 498 734 556 Ceius
767 517 836 556 cum
871 499 902 556 in
936 499 1071 557 intimam
1106 499 1272 557 amicitiam

264 604 445 678 pervenisset
470 614 501 661 et
525 604 750 662 Atheniensium
777 605 855 662 male
882 611 971 680 gestis
999 605 1030 662 in
1056 605 1154 664 Sicilie
1182 605 1273 664 rebus

265 714 337 784 opes
359 715 522 781 senescere,
538 716 642 767 contre
662 710 967 769 Lacedaemonierum
989 715 1122 769 crescere
1143 709 1272 782 videret,

264 815 348 873 initie
369 833 438 873 cum
460 814 602 874 Prsandre
623 822 769 890 praetere,
790 823 841 891 qui
861 816 942 892 apud
962 817 1083 876 Samum
1105 817 1272 874 exercitum

229 946 240 993 5
264 922 401 993 habebat,
430 939 484 998 per
511 923 705 982 internuntiis
736 922 924 998 conloquitur
954 934 986 982 et
1014 923 1054 982 de
1086 923 1184 982 reditir
1215 928 1273 982 sue

265 1029 335 1086 facit
364 1029 557 1086 mentienem.
613 1031 642 1087 Is
671 1040 734 1087 erat
762 1029 842 1087 enim
872 1029 982 1088 eedem
1010 1035 1070 1105 que
1099 1028 1273 1088 Alcibiades

266 1139 362 1206 sensu,
383 1136 487 1209 populi
510 1135 662 1209 potentiae
686 1141 748 1193 nen
771 1142 884 1194 amicus
905 1147 935 1194 et
956 1136 1143 1211 optimetium
1165 1135 1273 1194 fautor.

265 1241 313 1300 Ab
337 1241 394 1298 hec
419 1241 576 1299 destitutus
597 1247 724 1315 primum
751 1260 804 1316 per
823 1241 1046 1317 Thffiybrilum
1069 1243 1141 1316 Lyci
1161 1241 1273 1314 lilium,

265 1346 304 1403 ab
332 1347 463 1405 exercitu
489 1345 629 1420 recipitur
656 1357 833 1422 praetorque
865 1347 898 1405 fit
928 1346 1008 1422 apud
1043 1348 1181 1418 Samum,
1201 1356 1274 1421 post

218 1482 244 1514 10
266 1452 438 1527 suffragante
479 1451 665 1510 Theramene
702 1453 806 1527 populi
843 1458 917 1510 scite
950 1453 1111 1512 restituitur
1145 1459 1273 1528 parique

266 1559 371 1615 absens
409 1557 534 1632 imperio
571 1558 741 1633 praeficitur
778 1557 864 1616 simul
904 1577 974 1616 cum
1014 1558 1198 1633 Thrasybulo
1241 1568 1275 1617 et

265 1663 461 1721 Theremene.

306 1771 424 1827 Horum
452 1770 483 1826 in
509 1769 636 1844 imperie
664 1779 746 1827 tanta
770 1770 963 1828 commutetie
990 1775 1088 1828 rerum
1112 1770 1191 1828 facta
1215 1781 1275 1843 est,

265 1885 297 1933 ut
322 1876 562 1947 Lacedaemonii,
587 1883 638 1950 qui
662 1876 751 1950 paule
776 1887 844 1934 ante
868 1882 996 1934 victeres
1019 1877 1181 1952 viguerant,
1203 1894 1274 1951 per-

217 2007 241 2054 15
266 1982 358 2039 territi
379 1988 485 2056 pacem
507 1991 650 2057 peterent.
692 1983 772 2039 Victi
792 1983 871 2040 enim
893 1993 976 2040 erant
997 1989 1127 2057 quinque
1151 1983 1275 2057 proeliis

266 2088 459 2160 terrestribus,
488 2088 580 2147 tribus
610 2087 769 2161 navelibus,
798 2087 828 2145 in
862 2088 968 2163 quibus
1003 2088 1146 2147 ducentes
1180 2093 1274 2147 neves

266 2196 400 2253 triremes
416 2201 582 2267 emiserant,
597 2213 674 2269 quae
693 2205 799 2269 captae
817 2195 848 2252 in
865 2195 992 2253 hostium
1009 2200 1151 2253 venerant
1170 2206 1274 2269 potes-

266 2308 367 2359 tetem.
408 2300 578 2359 Alcibiades
602 2300 688 2358 simul
713 2319 781 2357 cum
806 2300 937 2376 conlegis
965 2306 1119 2375 receperat
1144 2302 1274 2372 Ieniam,

267 2407 506 2482 Hellespontum,
532 2406 637 2464 multis
665 2412 821 2481 praeterere
846 2407 934 2465 urbes
962 2408 1102 2480 Graecis,
1130 2425 1207 2482 quae
1241 2407 1276 2465 in

216 2541 244 2572 20
267 2520 326 2587 era,
339 2514 412 2571 sitae
434 2523 500 2570 sunt
520 2512 693 2584 Thraeciae,
715 2518 839 2587 querum
865 2518 1066 2588 expugnerant
1092 2514 1274 2587 compleres,

266 2620 358 2677 ineis
388 2618 570 2693 Byzantium,
598 2636 695 2692 neque
723 2619 820 2677 minus
847 2620 953 2676 multis
981 2619 1105 2677 censilie
1130 2617 1169 2677 ad
1199 2626 1274 2677 ami-

266 2725 367 2782 citiam
391 2724 595 2795 adiunxerant,
617 2724 699 2798 quod
724 2725 755 2781 in
777 2730 882 2799 captes
903 2724 1062 2783 clementie
1082 2724 1198 2782 fuerant
1218 2730 1274 2783 risi.

268 2832 313 2889 Ita
348 2830 459 2905 praede
493 2836 599 2902 onusti,
629 2829 810 2904 locupletete
846 2830 987 2901 exercitii,
1015 2830 1150 2888 menimis
1184 2830 1275 2890 rebus

266 2943 355 3012 gestis
377 2936 506 2994 Athenis
527 2940 677 2993 venerunt.

217 3071 243 3118 25
306 3044 359 3100 VI.
389 3044 445 3105 His
469 3060 539 3098 cum
565 3041 681 3099 obviam
708 3041 843 3100 finiversa
867 3041 968 3099 civites
996 3042 1025 3099 in
1055 3043 1190 3099 Hraeum
1219 3041 1274 3101 de-

268 3148 440 3219 scendisset,
462 3156 544 3205 tanta
568 3147 621 3205 luit
650 3148 783 3205 omnium
811 3148 993 3222 exspectatio
1020 3147 1135 3206 visendi
1161 3148 1275 3207 Alcibi-

268 3254 341 3325 adis,
365 3263 399 3312 ut
423 3253 462 3311 ad
490 3253 552 3311 eius
580 3253 730 3311 triremem
757 3253 860 3328 vulgus
887 3253 1059 3325 conflueret,
1082 3254 1209 3329 proinde
1238 3273 1276 3313 ac

268 3368 292 3418 si
316 3361 394 3419 selus
418 3358 594 3418 advenisset.
636 3360 684 3418 Sic
709 3359 788 3416 enim
814 3358 926 3434 popule
950 3369 1013 3417 erat
1037 3366 1217 3436 pemati-sum,
1245 3371 1277 3418 et

268 3467 403 3525 adversis
432 3465 598 3540 superieres
626 3474 657 3522 et
684 3468 854 3540 praesentes
882 3465 1028 3523 secundis
1055 3470 1101 3524 res
1129 3466 1276 3525 accidisse

218 3604 246 3650 30
269 3574 331 3631 eius
355 3578 456 3647 operi.
510 3573 615 3645 Itaque
643 3580 674 3629 et
701 3571 863 3628 exercitum
891 3570 922 3628 in
950 3572 1049 3631 sicilia
1075 3578 1215 3630 emissum
1244 3583 1276 3631 et

270 3677 574 3737 Lacedaemonierum
598 3677 736 3734 victerissas
760 3676 865 3751 culpae
890 3695 960 3735 suae
988 3678 1165 3748 tribuebant,
1191 3676 1276 3752 quod

269 3786 359 3845 talem
383 3785 477 3843 virum
503 3788 520 3842 e
545 3782 661 3842 civitate
683 3781 872 3857 expulissent.
916 3782 1023 3858 Neque
1044 3782 1076 3840 id
1101 3783 1164 3843 sine
1185 3789 1278 3842 cause
