2817 4250
636 858 690 917 vr.
728 845 953 919 uisunonn.

333 1035 357 1092 Ι.
387 1035 538 1112 Lysander
569 1036 823 1095 Lacedaemonius
853 1043 989 1112 maguam
1021 1037 1137 1112 reliquit
1171 1045 1217 1096 sui
1253 1039 1301 1096 fa·

292 1158 381 1215 mam,
403 1142 495 1217 magis
520 1142 665 1200 salicitate
689 1161 779 1218 quam
803 1143 909 1201 virtate
934 1153 1059 1218 partam.
1100 1145 1302 1204 Athaniansas

292 1247 370 1304 enim
399 1246 538 1306 adversus
567 1248 800 1324 Peloponnasias
831 1249 942 1308 bellum
976 1255 1111 1325 gerentes
1146 1257 1233 1308 sexta
1269 1262 1301 1309 et

291 1353 431 1412 vic'e'sima
459 1359 537 1412 anna
565 1355 734 1413 canfacisse
762 1360 895 1430 apparet,
917 1373 1014 1430 neque
1042 1355 1074 1413 id
1099 1362 1158 1431 qua
1181 1357 1300 1415 ratiane

256 1484 266 1531 5
291 1464 467 1517 cansecatus
492 1460 529 1518 sit
551 1461 631 1519 latet.
674 1461 744 1518 Nan
768 1462 847 1518 enim
872 1462 978 1520 virtate
999 1468 1044 1519 sui
1064 1463 1219 1534 exercitas,
1243 1463 1301 1521 sed

291 1564 479 1623 immodestia
514 1566 623 1624 sactum
658 1577 704 1624 est
738 1567 980 1639 adversarianrm,
1008 1574 1068 1643 qui,
1096 1568 1178 1643 quod
1213 1569 1301 1627 dicta

291 1670 444 1730 audientas
468 1672 695 1748 imperataribus
720 1680 778 1731 suis
802 1679 863 1732 non
886 1685 978 1746 erant,
1004 1674 1139 1750 dispalati
1162 1676 1193 1732 in
1221 1683 1301 1751 agris

291 1778 397 1836 relictis
425 1779 547 1838 navibus
579 1779 609 1836 in
641 1779 770 1837 hostium
805 1784 948 1838 vanarum
983 1787 1170 1854 potestatem.
1227 1783 1301 1856 Qua

291 1884 370 1942 facta
403 1885 599 1944 Athaniansas
635 1890 666 1943 sa
702 1885 948 1944 Lacedaemoniis
983 1885 1170 1946 dadidarunt.
1227 1889 1300 1946 Hac

243 2013 269 2044 10
290 1991 413 2049 victaria
437 1991 589 2064 Lasander
612 1992 714 2062 alatus,
737 2010 805 2048 eum
830 1997 919 2050 antea
942 2010 1061 2068 semper
1084 1993 1224 2052 sactiasus
1246 2013 1299 2052 au-

291 2096 408 2172 daxque
430 2098 539 2170 fuisset,
555 2103 595 2155 sic
617 2097 673 2157 sibi
694 2097 823 2170 indulsit,
838 2108 871 2157 ut
892 2098 955 2157 aius
976 2104 1067 2174 opera
1086 2099 1117 2157 in
1134 2099 1300 2159 maximum

291 2202 393 2261 odium
421 2204 565 2263 Graeciae
598 2204 829 2263 Lacedaemonii
861 2207 1056 2280 pervenerint.
1113 2208 1191 2264 Nam
1227 2226 1299 2265 cum

291 2309 367 2367 hanc
401 2329 520 2369 causam
556 2310 786 2368 Lacedaemonii
821 2311 1005 2369 dictitassent
1038 2312 1092 2370 sibi
1122 2331 1187 2372 esse
1217 2313 1298 2386 belli,

289 2425 322 2472 ut
349 2415 573 2474 Athaniansium
601 2416 797 2491 impotentem
826 2417 1060 2475 dominatianem
1093 2418 1297 2493 refringerent,

241 2544 265 2591 15
289 2532 446 2595 postquam
465 2522 545 2596 apud
562 2524 660 2596 Aegos
682 2522 792 2579 flamen
811 2523 963 2597 Lysander
979 2524 1079 2580 classis
1100 2523 1229 2581 hostium
1252 2536 1298 2583 est

290 2633 408 2701 potitus,
431 2627 504 2683 nihil
528 2625 607 2685 aliud
637 2628 755 2685 maiitus
782 2638 827 2685 est
855 2646 945 2702 quam
973 2639 1006 2685 ut
1030 2633 1134 2687 omnas
1162 2630 1298 2689 civitatas

289 2734 318 2790 in
347 2740 398 2791 sua
425 2738 539 2791 tenaret
567 2740 725 2808 potestate,
754 2752 823 2792 cum
855 2734 886 2792 id
922 2740 953 2793 sa
989 2735 1297 2795 Lacedaemoniorum

289 2845 377 2897 eausa
401 2840 497 2897 facere
522 2839 680 2899 simularet,
724 2842 862 2915 Namque
891 2840 1030 2916 undique,
1056 2848 1108 2915 qui
1132 2844 1295 2902 Athaman·

288 2947 363 3003 sium
391 2947 479 3003 rabus
507 2945 686 3003 studuissent
714 2947 827 3017 aiectis,
856 2946 961 3005 decem
990 2947 1141 3022 delegerat
1170 2949 1201 3005 in
1237 2954 1297 3007 ana

238 3080 265 3110 20
288 3058 405 3127 quaque
427 3053 553 3123 civitate,
576 3052 681 3127 quibus
706 3070 853 3110 summum
877 3054 1033 3128 imperium
1055 3060 1295 3130 potestatemque

288 3160 420 3216 omnium
446 3163 542 3216 rarum
568 3158 776 3217 committeret.
819 3160 937 3216 Harum
963 3160 993 3216 in
1020 3178 1175 3217 numerum
1204 3166 1296 3220 namo

288 3264 507 3336 admittebatur,
528 3265 583 3322 nisi
611 3270 663 3339 qui
690 3274 740 3322 aut
768 3264 830 3322 aius
859 3265 988 3339 hospitia
1016 3266 1218 3324 continaratur
1243 3278 1295 3325 aut

287 3375 318 3428 sa
340 3372 414 3428 illius
436 3371 497 3428 fore
519 3371 670 3445 proprium
693 3369 753 3429 fide
774 3370 976 3428 cansirmarat.

328 3479 370 3535 ΙΙ.
400 3479 446 3535 Ita
471 3477 660 3535 decemvirali
683 3482 831 3551 potestate
856 3478 886 3533 in
910 3476 1047 3535 omnibus
1070 3477 1193 3536 urbibus
1222 3484 1294 3537 can-

237 3614 262 3661 ²5
286 3584 386 3642 stitrita
414 3584 504 3657 ipsius
532 3587 605 3640 nata
632 3582 734 3640 omnia
763 3583 949 3658 gerabantur.
991 3584 1082 3642 Caius
1113 3583 1152 3641 da
1184 3584 1292 3642 crada-

286 3690 367 3747 litate
403 3708 437 3745 ac
473 3689 597 3763 perfidia
631 3689 701 3747 satis
736 3699 781 3746 est
815 3693 904 3745 anam
939 3706 1001 3745 rem
1037 3689 1166 3765 exempli
1200 3692 1294 3764 gratia

286 3796 427 3871 proferre,
456 3800 494 3853 na
527 3796 566 3853 da
597 3794 706 3852 eadem
741 3794 825 3868 plara
859 3795 1061 3853 {numerando
1096 3787 1294 3871 datatigamus

748 3898 780 3944 26
