2817 4250
139 323 236 387 rv.,v.]
540 325 810 375 THEMISTOCLES

140 494 359 553 Themistocles
373 496 545 570 quaerebat,
556 500 594 554 ne
609 496 796 555 multitudine
811 496 1020 555 circumiretur.
1062 496 1144 553 Hinc

142 607 197 658 etsi
218 606 282 675 pari
302 601 414 676 proelie
436 601 639 674 discesserant,
655 611 755 659 tamen
777 601 885 660 eedem
907 603 975 661 loce
995 607 1057 660 nen
1077 611 1144 662 sunt

142 685 205 764 ausi
232 711 362 779 manere,
391 705 473 782 quod
509 717 571 764 erat
605 708 769 782 periculum
806 713 855 780 ne,
880 715 904 767 si
931 725 999 783 pars
1026 709 1144 766 nivium

142 811 374 870 adverserierum
411 813 564 871 Euboeam
595 820 769 888 superesset,
794 814 916 889 ancipiti
942 825 1146 890 premerentur

142 917 283 992 periculi).
337 918 406 992 Que
434 919 544 976 factum
573 929 617 977 est
645 929 677 977 ut
705 920 745 978 ab
771 920 929 978 Artemisie
957 920 1146 978 discederent
1170 943 1181 990 5

144 1032 174 1081 et
208 1023 402 1082 exadversum
437 1024 567 1083 Athenis
602 1023 683 1100 apud
721 1025 867 1084 Salamina
903 1025 1028 1084 classem
1062 1043 1146 1084 suam

143 1130 365 1188 constituerent.

185 1236 237 1293 IV.
265 1237 305 1292 At
335 1237 447 1293 Xerxes
479 1235 686 1311 Thermopylis
722 1241 894 1311 expignatis
928 1236 1063 1312 pretinus
1097 1255 1145 1294 ac-

68 1343 71 1348 ‘
143 1341 232 1399 cessit
260 1345 324 1398 astu
351 1339 442 1415 idque
470 1340 554 1399 nrillis
590 1339 829 1414 defendentibus,
855 1342 1016 1400 interfectis
1051 1360 1146 1399 sacer·

144 1446 274 1518 detibuS,
294 1451 369 1521 ques
397 1446 428 1504 in
452 1464 519 1504 arce
544 1446 706 1519 invenerat,
731 1447 871 1506 incendis>
895 1447 1013 1506 delevit.
1056 1448 1147 1505 Cirius
1171 1477 1198 1507 10

143 1551 265 1610 flamme
291 1551 438 1626 perterriti
461 1552 599 1610 classierii
623 1571 691 1610 cum
717 1558 837 1611 manere
858 1559 919 1611 nen
946 1552 1090 1612 auderent
1118 1563 1148 1611 et

142 1657 262 1733 phirimi
286 1657 470 1715 hortarentur
492 1667 524 1715 ut
546 1657 653 1716 domes
677 1664 744 1716 sues
766 1657 956 1716 discederent
979 1659 1146 1717 moenibus·

144 1781 202 1837 que
231 1767 264 1820 se
292 1761 497 1834 defenderent,
525 1762 742 1822 Themistocles
771 1769 845 1821 rinus
880 1764 985 1822 restitit
1019 1774 1050 1822 et
1083 1751 1146 1822 rini-

144 1873 244 1926 verses
286 1873 372 1943 pares
414 1886 478 1926 esse
518 1885 607 1943 posse
649 1869 755 1940 aiebat,
798 1869 946 1944 disperses
987 1870 1149 1928 testabatur

144 1974 299 2050 peritures,
335 1971 425 2048 idque
461 1973 631 2049 Eurybiadi,
658 1979 721 2049 regi
756 1974 1070 2047 Lacedaemonierum,
1098 1982 1149 2049 qui
1173 1999 1198 2047 ¹5

144 2087 208 2139 tum
236 2097 370 2139 summae
397 2079 514 2154 imperii
541 2089 685 2154 praeerat,
714 2080 777 2139 fore
805 2079 996 2140 adfirmibat.
1049 2080 1148 2155 Quem

144 2204 213 2243 cum
243 2186 340 2243 minus
368 2203 457 2260 quam
485 2185 573 2243 vellet
602 2190 744 2258 moveret,
772 2192 865 2245 noctir
899 2186 939 2244 de
974 2193 1063 2245 servis
1091 2194 1148 2245 suis

143 2310 235 2366 quem
256 2291 359 2350 habuit
380 2290 583 2349 fidelissimum
605 2290 643 2348 ad
665 2296 766 2366 regem
788 2292 875 2364 misit,
896 2302 930 2349 ut
950 2299 978 2350 ei
1002 2293 1149 2351 mintieret

144 2404 202 2455 suis
230 2397 335 2468 verbiS,
361 2396 541 2455 adversarios
570 2397 632 2454 eius
657 2396 687 2453 in
712 2398 780 2471 fuga'
804 2415 887 2455 esse:
916 2404 967 2472 qui
991 2405 1015 2456 si
1039 2397 1148 2457 disces·

144 2502 260 2575 sissent,
295 2502 406 2560 meiere
444 2519 513 2560 cum
554 2502 654 2561 labere
696 2512 727 2561 et
768 2503 972 2578 longinquiere
1013 2513 1148 2579 tempore
1171 2532 1200 2565 ιο

144 2610 255 2667 bellum
284 2609 497 2680 censectfirum,
526 2627 594 2665 cum
622 2608 751 2683 singultis
779 2614 943 2667 censecteri
975 2616 1148 2685 erigeretur}
1204 2649 1228 2696 s

144 2721 220 2789 ques
244 2720 267 2771 si
289 2714 388 2772 statim
411 2714 627 2789 aggrederetur,
652 2712 733 2772 brevi
754 2716 905 2807 finiversps
929 2710 1199 2791 oppresserum.1.'

145 2822 216 2879 Hec
251 2825 287 2877 ee
318 2820 443 2891 valebat,
472 2830 504 2877 ut
539 2820 669 2894 ingretiis
703 2819 742 2877 ad
778 2821 1009 2896 depirgnandum
1045 2828 1149 2881 omnes

144 2931 329 3001 erigerentur.
383 2926 451 2982 Haic
479 2930 510 2983 re
539 2924 639 2983 audite
663 2926 812 2998 barbarus,
841 2927 913 2984 nihil
940 2926 1001 2986 doli
1028 2928 1148 2987 subesse

144 3032 279 3102 credens,
307 3030 450 3106 postridie
479 3031 656 3089 alienissime
684 3032 740 3090 sibi
772 3033 849 3104 loce,
877 3036 981 3092 contre
1011 3041 1197 3109 opporti1-25

145 3138 267 3195 nissime
301 3135 444 3221 hostibus,
472 3137 549 3196 adei>
584 3142 709 3211 anguste
744 3145 817 3194 man·
850 3139 991 3210 cenflixit,
1019 3149 1052 3196 ut
1086 3141 1148 3198 eius

145 3241 303 3301 multitude
325 3218 603 3316 neviu'in'expliceri
624 3248 685 3301 nen
707 3244 845 3317 potuerit.
886 3246 989 3301 Victus
1011 3250 1081 3319 erge
1104 3258 1148 3303 est

145 3349 238 3423 magis
260 3347 350 3406 etiam
371 3348 494 3406 censilie
513 3348 709 3405 Themistocli
728 3367 818 3423 quam
840 3356 927 3407 armis
948 3351 1100 3409 Graeciae.

183 3455 220 3511 V.
250 3454 311 3510 Hic
340 3460 395 3511 etsi
418 3454 494 3511 male
522 3471 584 3511 rem
609 3464 749 3528 gesserat,
774 3465 876 3512 tamen
899 3462 994 3514 tantais
1019 3456 1149 3515 habebat

146 3555 283 3630 reliquies
314 3557 475 3630 cepiirum,
505 3568 537 3614 ut
568 3559 657 3614 etiam
686 3568 749 3615 tum
778 3565 819 3615 eis
844 3561 1013 3635 opprimere
1049 3574 1149 3636 posset
1171 3594 1199 3638 30

144 3663 254 3721 hostes.
308 3663 418 3720 Iterum
454 3663 492 3720 ab
526 3664 635 3721 eedem
670 3665 762 3739 gradir
793 3664 932 3739 depulsus
963 3677 1016 3725 est.
1069 3669 1148 3724 Nam

143 3768 369 3839 Themistocles,
397 3772 501 3826 verens
535 3773 574 3826 ne
608 3769 717 3832 bellete
751 3775 961 3858 perseveraret,
990 3771 1148 3829 certierem
