2817 4250
129 290 203 354 xlm]
591 288 737 338 ATl'ICUS
1130 294 1190 358 129

131 468 193 521 non
222 463 366 537 imprimis
394 463 470 521 bene
498 461 641 519 habitavit
670 461 867 535 omnibusque
900 461 1019 535 optimis
1052 462 1139 520 rabus

130 574 201 627 risus
222 551 268 626 est
278 589 288 642 ;
316 587 385 625 nam
406 567 530 626 domum
549 567 651 626 habuit
669 567 701 624 in
718 567 793 624 colle
813 566 956 641 Quirinffi
975 568 1138 643 Tamphili·

132 681 230 747 anam‚
259 674 299 732 ab
326 675 471 732 avunculo
485 663 663 732 'haraditate
692 672 834 744 relictam,
862 673 945 730 caius
975 675 1139 733 amoenitas

132 787 194 840 nan
223 780 371 853 aedificio,
399 779 452 838 sed
481 780 553 837 silva
579 779 890 853 canstabat-ipsum
919 779 998 837 enim
1026 785 1139 840 tactum

132 886 294 962 antiquitus
322 887 514 944 canstitr‘rtum
543 885 609 960 plris
636 885 704 943 salis
731 903 821 959 quam
849 889 983 960 sumptas
1011 887 1140 947 hab'e‘bat
1164 909 1174 957 ς

132 992 213 1050 —in
238 997 299 1067 quo
323 991 395 1049 nihil
414 992 616 1063 commutavit,
638 991 694 1048 nisi
715 990 832 1066 siquid
853 999 997 1050 vetustate
1019 1000 1139 1052 coactus

133 1108 188 1157 est.
230 1084 310 1158 Usus
331 1107 376 1156 est
396 1097 515 1169 familia,
532 1097 700 1155 si'r'rtilitate
723 1096 915 1156 iadicandum
937 1108 990 1170 est,
1008 1099 1121 1173 optima
1130 1119 1139 1172 ;

133 1211 158 1262 si
185 1204 295 1276 farma,
316 1203 365 1260 vix
392 1202 545 1261 mediocri.
588 1204 727 1278 Namque
751 1204 782 1262 in
809 1210 846 1262 ea
872 1215 956 1262 erant
983 1212 1067 1279 pueri
1094 1206 1138 1264 lit-

134 1309 313 1382 teratissimi,
341 1314 520 1384 anagnostae
548 1309 654 1384 optimi
685 1320 717 1368 et
746 1310 864 1384 plurimi
896 1310 1010 1382 librarii,
1039 1321 1071 1369 ut
1102 1316 1140 1370 na

134 1415 317 1491 pedisequus
347 1414 470 1489 quidem
501 1415 657 1490 quisquam
688 1424 766 1474 esset
803 1422 855 1490 qui
889 1421 949 1474 nan
983 1426 1139 1493 utmmque
1165 1437 1191 1468 10
1278 1468 1280 1474 ,

134 1522 242 1579 harum
268 1521 390 1596 pulchra
415 1520 511 1579 facere
540 1532 659 1596 posset3
676 1528 738 1596 pari
766 1520 858 1580 modo
886 1522 1011 1580 artificas
1039 1527 1139 1595 ceteri,

133 1633 212 1702 quos
236 1626 331 1686 cultus
355 1626 537 1686 domesticus
565 1626 724 1698 desiderat,
749 1632 882 1702 apprima
910 1627 990 1686 boni.
1033 1629 1140 1704 Neque

134 1744 237 1790 tamen
278 1732 383 1790 horum
424 1750 604 1806 quemquam
645 1732 702 1789 nisi
738 1731 821 1790 domi
859 1739 960 1790 natum
998 1733 1140 1808 domique

134 1838 248 1896 factum
269 1838 390 1910 habuit;
417 1836 499 1912 quod
520 1847 566 1895 est
586 1843 701 1913 signum
724 1843 786 1895 nan
810 1839 906 1896 salum
930 1840 1140 1911 continentiae,

134 1944 190 2003 sed
214 1945 305 2002 etiam
330 1944 509 2020 diligentiae.
552 1945 631 2002 Nam
659 1954 690 2001 et
717 1949 777 2002 min
805 1945 1036 2020 intemperanter
1068 1963 1139 2004 con·
1165 1970 1189 2017 15

133 2057 299 2126 cupiscere‚
320 2050 403 2125 quod
423 2057 442 2108 a
462 2049 593 2126 plurimis
613 2047 723 2121 videas,
745 2050 924 2109 continentis
946 2050 1037 2110 dabet
1062 2052 1140 2123 daci,

134 2141 176 2216 et·
190 2158 289 2231 potius
313 2156 456 2216 industria
479 2174 569 2232 quam
594 2157 689 2231 pretia
710 2162 814 2231 parare
834 2162 895 2215 non
916 2158 1075 2216 mediocris
1097 2170 1141 2216 est

134 2262 316 2337 diligentiae.
369 2250 506 2338 Elegans,
542 2268 603 2321 nan
640 2262 821 2337 magnificus,
859 2262 1042 2338 splendidus,
1080 2270 1140 2323 nan

134 2374 345 2445 stimptuasus3
380 2370 536 2445 omnisque
564 2369 717 2445 diligentia
746 2370 931 2442 munditiam,
959 2377 1020 2429 non
1047 2371 1140 2429 adflu-

134 2476 248 2533 entiam
276 2474 455 2533 adfectabat.
511 2475 648 2550 Supellex
676 2474 805 2548 modica,
834 2481 894 2534 nan
922 2476 1022 2547 multa,
1051 2487 1084 2534 ut
1112 2478 1142 2534 in
1164 2503 1192 2535 20

134 2590 271 2640 neutram
293 2593 407 2657 partem
430 2581 563 2656 canspici
584 2591 693 2657 posset.

178 2688 246 2744 Nec
281 2686 457 2762 praetenlra,
488 2704 669 2761 quamquam
703 2686 849 2746 nannallis
883 2688 947 2745 leve
981 2694 1073 2746 visum
1108 2693 1142 2745 iri

134 2801 250 2868 putem,
272 2810 342 2850 cum
362 2790 506 2868 imprimis
530 2793 624 2851 lautus
646 2801 724 2851 esset
744 2810 835 2867 eques
858 2794 1010 2851 Ramanus
1030 2803 1060 2851 et
1080 2799 1142 2851 nan

134 2916 243 2974 parum
268 2897 425 2956 liberaliter
446 2897 569 2956 domum
590 2916 673 2955 suam
695 2897 828 2956 omnium
849 2896 986 2956 ardinum
1007 2898 1142 2957 hominas

134 3005 282 3075 imitaret,
317 3008 377 3061 nan
412 3003 538 3078 amplius
572 3020 662 3077 quam
697 3012 781 3060 terna
815 3003 895 3061 milia
929 3008 1077 3079 peraeque
1111 3005 1142 3061 in
1165 3031 1190 3078 ²5

133 3108 267 3184 singulos
295 3112 413 3167 mansas
443 3126 481 3166 ex
507 3108 697 3184 ephemeride
727 3126 795 3166 eum
822 3113 985 3184 expansum
1013 3114 1143 3184 sumptui

134 3217 212 3274 serre
242 3213 370 3272 solitum.
425 3216 523 3289 Atque
554 3214 612 3273 hoc
642 3218 704 3273 nan
734 3215 877 3286 auditum,
905 3214 960 3274 sed
990 3214 1142 3290 cagnitum

134 3318 344 3395 praedicamus
355 3339 364 3391 ;
396 3338 486 3395 saepe
515 3320 594 3377 enim
621 3329 744 3395 propter
771 3320 996 3379 familiaritatem
1025 3319 1141 3379 domes·

133 3426 203 3483 ticis
224 3426 313 3484 rabus
333 3425 527 3484 interfuimus.

176 3531 260 3590 XIV.
296 3532 396 3590 Nama
426 3531 457 3588 in
488 3531 623 3591 convivia
653 3532 716 3591 aius
746 3530 827 3589 aliud
861 3536 999 3589 acroama
1032 3530 1143 3590 audivit
1165 3562 1193 3608 ³0

132 3656 227 3714 quam
252 3640 445 3713 anagndstan,
466 3635 549 3712 quod
572 3642 628 3695 nas
651 3637 774 3712 quidem
799 3636 1042 3695 iracundissimum
1066 3636 1140 3694 arbi·

134 3750 269 3820 tramur3
296 3761 395 3823 neque
422 3760 565 3822 umquam
593 3743 655 3801 sine
684 3744 781 3819 aliqua
808 3743 936 3802 l'e'ctiane
965 3742 1047 3818 apud
1074 3759 1142 3800 eum
