2817 4250
109 292 147 339 x,
159 279 211 344 xn]
561 275 730 325 EUMENES
1128 284 1169 350 93

109 463 142 512 et
169 450 352 511 adversarios
380 450 447 508 illinc
471 455 538 509 suis
563 448 742 507 eontnixisse
768 449 880 524 copiis.
923 451 1021 508 Mutat
1050 456 1119 509 con-

108 560 211 668 siliuqr
234 566 273 630 et,
294 556 435 632 quoniam
456 553 660 631 impni‘dentes
681 554 789 614 adoriri
812 559 873 613 nim
897 565 1007 630 posset,
1029 556 1121 616 flectit

108 667 169 724 iter
201 682 287 723 suum
318 673 348 721 et
378 662 460 720 illum
491 661 654 720 inflictum
685 660 850 736 longiorem
881 662 1022 737 copiosae
1056 664 1120 721 viae

108 771 195 847 capit
223 770 323 845 ibique
351 768 432 828 diem
463 772 555 827 imum
587 773 739 842 opperitur
770 766 809 825 ad
840 767 1044 827 lassitiidinem
1075 774 1119 828 se-

109 876 246 935 dandam
279 875 403 934 militum
432 893 468 932 ac
502 872 665 932 reficienda
697 873 839 946 iiimenta,
867 879 928 950 quo
963 874 1121 950 integriore
1145 897 1155 945 5

109 983 247 1042 exercitii
268 981 451 1041 decerneret.

153 1091 191 1147 X.
221 1090 268 1148 Sic
300 1089 450 1146 Eumenes
480 1085 621 1144 callidum
651 1085 861 1160 imperatorem
892 1086 963 1144 vicit
997 1087 1120 1146 consilio

111 1195 359 1270 celeritaitemque
382 1191 539 1268 impedivit
563 1192 636 1263 eius,
656 1209 755 1266 neque
778 1201 879 1250 tamen
903 1193 1028 1251 multum
1052 1199 1119 1269 pri>-

111 1302 190 1360 fecit
201 1322 210 1374 ;
242 1318 312 1358 nam
337 1298 448 1358 invidia
471 1297 592 1370 ducum,
616 1316 686 1356 cum
711 1296 818 1372 quibus
842 1308 913 1370 erat,
937 1299 1119 1375 perfidiaque

111 1405 321 1466 Macedonum
353 1387 568 1475 veteranorum,
597 1422 665 1463 eum
695 1403 830 1479 superior
863 1406 977 1480 proelio
1011 1407 1119 1466 disces·
1146 1435 1172 1466 ιο

112 1515 209 1585 sisset,
238 1513 390 1588 Antigoni>
419 1520 463 1570 est
490 1511 619 1583 diditus,
647 1529 717 1568 cum
745 1510 892 1570 exercitus
919 1519 948 1569 ei
975 1521 1019 1570 ter
1052 1523 1120 1573 ante

112 1626 258 1696 separitis
281 1618 464 1694 temporibus
492 1618 615 1676 idrisset
642 1621 674 1676 se
703 1634 772 1674 eum
800 1616 996 1676 defensimm
1024 1637 1121 1694 neque

111 1745 258 1801 umquam
279 1726 474 1784 desertirrum.
516 1722 576 1782 Sed
596 1732 678 1781 tanta
698 1722 753 1781 fuit
776 1723 984 1783 nonnillorum
1008 1725 1121 1784 virtutis

112 1831 302 1904 obtrectitio‚
330 1841 363 1889 ut
396 1830 488 1888 fidem
519 1829 654 1888 {mittere
685 1828 807 1886 millent
836 1847 927 1903 quam
962 1849 1030 1889 eum
1060 1837 1121 1890 non

113 1938 252 2013 perdere.
294 1940 390 2012 Atque
411 1937 491 1994 hune
511 1935 683 2011 Antigonus,
705 1954 774 1994 cum
799 1944 826 1995 ei
850 1937 951 1996 fuisset
971 1937 1120 1996 infestissi-
1146 1960 1170 2007 15

113 2063 191 2115 mus,
207 2048 417 2114 conservasset,
432 2048 457 2100 si
476 2059 530 2117 per
550 2046 618 2101 suos
640 2053 717 2100 esset
740 2044 863 2115 licitum,
878 2041 960 2118 quod
982 2043 1020 2102 ab
1042 2043 1121 2103 millo

114 2156 147 2209 se
179 2151 246 2227 plius
280 2148 411 2208 adiuviri
445 2166 532 2223 posse
566 2148 757 2223 intellegebat
791 2151 822 2208 in
849 2157 890 2209 eis
924 2150 1011 2209 rebus
1049 2156 1121 2225 quas

113 2255 291 2331 impendere
323 2256 382 2313 iam
413 2254 576 2330 apparebat
606 2255 752 2314 omnibus.
810 2256 1011 2315 Imminebant
1041 2256 1121 2314 enim

113 2363 265 2433 Seleucus,
294 2360 495 2438 Lysimachus,
524 2361 722 2433 Ptolemaeus,
747 2361 853 2437 opibus
888 2362 947 2420 iam
981 2362 1121 2434 valentes,

114 2486 186 2525 cum
211 2467 318 2542 quibus
341 2474 370 2525 ei
393 2466 433 2525 de
457 2472 578 2525 summis
602 2466 690 2526 rebus
718 2476 780 2525 erat
808 2467 1021 2526 dimicandum.
1063 2467 1122 2527 Sed
1144 2493 1173 2524 20

114 2579 178 2631 non
203 2578 282 2648 passi
305 2582 373 2631 sunt
393 2573 414 2630 ii
434 2578 485 2647 qui
505 2572 586 2630 circi
606 2582 698 2644 erant,
720 2571 802 2647 quod
823 2571 965 2632 videbant
988 2574 1122 2631 Eumene

113 2683 240 2754 recepti>
280 2682 384 2737 omnes
421 2695 492 2753 prae
530 2677 581 2735 illi>
619 2683 702 2753 parvi
740 2678 860 2738 futirros.
916 2679 985 2754 Ipse
1023 2688 1122 2737 autern

115 2784 283 2861 Antigonus
303 2782 381 2843 adeo
402 2792 466 2843 erat
485 2784 632 2855 incensus,
650 2782 761 2842 utnisi
781 2788 887 2860 migni
907 2788 961 2859 spe
982 2784 1121 2843 maximi-

114 2908 183 2948 rum
205 2894 303 2949 rerum
321 2890 407 2948 leniri
425 2894 486 2947 non
507 2899 618 2964 posset.

158 2996 214 3053 XI.
243 2996 349 3069 Itaque
376 3012 445 3052 cum
474 3012 542 3054 eum
570 2994 602 3052 in
629 2994 796 3053 custodiam
823 2993 955 3054 dedisset
984 3003 1013 3053 et
1037 3013 1122 3071 prae·
1145 3016 1171 3063 ις

115 3102 214 3159 sectus
252 3099 410 3159 custodum
447 3106 617 3174 quaesisset,
652 3118 743 3175 quem
781 3099 821 3158 ad
858 3098 981 3158 modum
1017 3106 1123 3159 serviri

113 3206 216 3279 vellet,
236 3207 306 3266 “Ut
327 3206 531 3277 ieerrimum‚'’
547 3205 651 3280 inquit,
669 3206 816 3265 “leonem
836 3214 888 3264 aut
908 3205 1122 3265 ferocissimum

116 3311 310 3387 elephantum
320 3312 336 3338 ’¹
348 3331 357 3384 3
392 3310 527 3370 nondum
554 3310 635 3370 enim
662 3320 812 3383 statuerat,
839 3315 1027 3370 conserviret
1054 3330 1122 3371 eum

115 3435 224 3476 necne.
278 3416 427 3475 Veniebat
454 3426 553 3475 autem
581 3416 621 3476 ad
648 3418 816 3476 Eumenem
843 3426 1000 3492 utrumque
1030 3435 1123 3494 genus

115 3522 283 3596 hominum,
308 3533 339 3582 et
366 3529 418 3598 qui
444 3533 567 3598 propter
594 3522 696 3582 odium
725 3524 851 3583 fructum
878 3523 970 3582 oculis
999 3541 1036 3582 ex
1060 3522 1123 3583 eius
1146 3545 1175 3593 30

116 3633 190 3689 cristi
221 3646 329 3704 capere
359 3627 478 3699 vellent,
507 3638 538 3688 et
567 3635 618 3703 qui
649 3639 771 3705 propter
800 3638 932 3688 veterem
963 3629 1123 3688 amicitiam

116 3734 260 3814 conloqui
297 3734 499 3809 consolirique
537 3744 690 3810 cuperent,
721 3733 805 3793 multi
843 3733 941 3806 etiam,
972 3739 1023 3809 qui
1061 3734 1123 3793 eius
