2817 4250
123 326 176 391 xn]
571 326 740 376 DATAMES
1139 319 1183 395 67

122 517 223 574 neque
266 498 457 575 conloquium
494 499 555 558 eius
590 500 694 574 petivit
731 516 828 576 neque
867 501 899 557 in
937 504 1132 576 cunspectum

121 611 225 664 venire
260 604 380 663 studuit.
443 606 490 664 Sic
521 606 627 664 absuns
657 605 816 664 amicitiam
851 605 981 681 gerubat,
1009 617 1042 664 ut
1072 612 1133 665 nun

123 711 278 770 beneficiis
311 715 427 782 mutuis,
456 709 510 768 sed
541 715 693 769 communi
720 711 801 783 odiu,
825 711 908 786 quod
935 717 1005 787 erga
1031 716 1132 788 rugem

123 821 327 893 susceperant,
350 817 495 880 contineri
516 815 694 875 vidurentur.

165 924 220 982 XI.
251 922 288 981 Id
312 941 381 1010 cum
406 923 475 980 satis
500 927 532 981 su
556 922 753 981 cunlirmusse
778 923 931 983 arbitrutus
957 933 1043 995 esset,
1069 942 1131 982 cer·
1157 945 1167 992 ς

122 1030 234 1087 tiorem
258 1029 329 1086 lacit
353 1030 511 1101 Datamen,
537 1038 654 1104 tempus
679 1047 745 1087 esse
770 1030 896 1088 muiures
919 1033 966 1088 res
987 1035 1082 1105 parari
1103 1039 1133 1087 et

122 1135 237 1193 bellum
265 1153 332 1192 cum
361 1135 426 1210 ipsu
452 1139 520 1210 ruge
549 1135 666 1210 suscipi,
691 1133 789 1210 deque
818 1141 854 1192 eu
880 1139 922 1204 ru,
945 1141 969 1192 si
997 1142 1024 1193 ei
1051 1135 1131 1194 vide-

122 1245 216 1312 retur,
244 1246 305 1316 quu
332 1241 400 1299 locu
427 1240 523 1312 vellet,
552 1241 582 1298 in
610 1241 801 1315 conloquium
829 1246 950 1299 veniret.
1007 1243 1134 1300 Probutu

122 1351 165 1419 re,
190 1345 391 1421 conloquendi
421 1357 539 1421 tempus
569 1346 692 1404 sumitur
722 1346 864 1421 locusque
901 1351 962 1420 quu
994 1353 1132 1405 conveni-

123 1457 216 1510 rutur.
259 1453 329 1510 Huc
361 1451 548 1510 Mithridutus
576 1469 645 1510 cum
673 1456 744 1523 unu,
773 1457 822 1509 cui
849 1452 976 1510 maximu
1004 1452 1133 1513 habebat
1158 1485 1184 1514 10

123 1559 230 1631 fidem,
251 1568 320 1618 ante
346 1558 457 1633 aliquot
482 1556 547 1616 dius
571 1558 651 1617 venit
675 1558 934 1634 compluribusque
956 1559 1028 1617 locis
1049 1564 1132 1634 supa·

123 1667 214 1724 ratim
241 1664 356 1741 gladios
383 1664 482 1723 obruit
509 1682 604 1739 eaque
633 1664 699 1723 loca
727 1663 882 1740 diligenter
912 1674 1005 1724 notat.
1061 1666 1133 1740 Ipsu

124 1781 229 1830 autem
249 1770 399 1846 conloquii
420 1769 469 1828 die
492 1776 616 1845 utrique,
638 1769 738 1828 locum
762 1777 814 1845 qui
837 1772 1023 1846 explururent
1045 1781 1133 1846 atque

124 1878 208 1952 ipsus
240 1881 446 1946 scrutarentur,
475 1876 594 1935 mittunt
605 1897 613 1948 3
649 1875 760 1934 deinde
790 1876 847 1952 ipsi
877 1888 944 1935 sunt
975 1883 1132 1953 congressi.

126 1985 189 2040 Hic
215 2001 283 2041 cum
310 1981 489 2057 aliquamdiu
513 1982 544 2039 in
569 1981 729 2056 conloquiu
753 1982 875 2040 fuissent
896 1992 927 2041 et
947 1981 1054 2041 diversi
1075 1983 1132 2041 dis·
1158 2008 1182 2055 ¹5

125 2089 286 2149 cessissent
320 2089 438 2164 iamque
474 2087 577 2163 procul
610 2089 752 2147 Datamus
782 2089 907 2160 abesset,
936 2088 1133 2163 Mithridates,

125 2196 301 2271 priusquam
325 2194 364 2253 ad
389 2200 456 2253 suus
480 2200 656 2269 perveniret,
681 2199 720 2253 nu
744 2213 834 2269 quam
859 2196 1058 2270 suspiciunem
1082 2215 1133 2271 pa-

125 2313 216 2374 reret,
245 2301 276 2360 in
304 2300 431 2359 eundem
460 2301 559 2359 locum
587 2301 742 2359 revertitur
769 2310 858 2375 atque
886 2301 937 2373 ibi,
965 2301 1016 2360 ubi
1043 2302 1133 2360 telum

127 2419 192 2467 erat
220 2408 371 2479 infossum,
400 2407 519 2479 resedit,
549 2416 581 2464 ut
608 2413 633 2465 si
659 2407 831 2465 lassitudine
859 2417 982 2482 cuperet
1013 2408 1134 2481 adqui}-

127 2532 224 2585 scere,
256 2515 462 2588 Datamunque
497 2513 653 2584 revocavit,
685 2513 823 2571 simulans
858 2517 890 2571 su
927 2513 1070 2588 quiddam
1104 2515 1134 2571 in
1157 2541 1185 2571 20

127 2620 290 2695 conloquiu
325 2638 389 2677 esse
423 2619 556 2679 obutum.
612 2619 736 2677 Interim
771 2620 872 2691 tulum,
900 2619 981 2693 quod
1017 2619 1134 2691 latEbat,

127 2726 252 2801 prutulit
272 2724 474 2801 nudatumque
495 2730 599 2800 vuginu
619 2734 699 2783 veste
721 2725 794 2783 texit
814 2744 850 2782 ac
870 2726 989 2783 Datami
1007 2726 1136 2784 venienti

127 2833 179 2905 ait,
205 2830 421 2907 digredientem
449 2836 480 2890 su
508 2830 750 2889 animadvertisse
777 2831 876 2889 locum
903 2832 1064 2905 quendam,
1086 2839 1137 2907 qui

128 2949 193 2997 erat
214 2938 246 2995 in
258 2942 439 3011 conspectu,
461 2936 498 2994 ad
520 2947 616 2995 castra
637 2936 778 3011 ponenda
799 2955 862 2995 esse
883 2936 1034 2995 iduneum.

170 3046 273 3119 Quem
311 3062 379 3101 cum
418 3042 511 3118 digitu
550 3042 767 3101 demunstruret
809 3052 839 3101 et
878 3042 926 3100 ille
966 3043 1137 3119 respiceret,
1159 3070 1185 3117 ²5

130 3156 266 3210 aversum
291 3150 368 3208 lerru
394 3149 541 3208 transfixit
569 3148 708 3225 priusque
736 3167 826 3223 quam
853 3149 1009 3224 quisquam
1036 3161 1137 3225 posset

130 3274 311 3326 succurrere,
340 3254 500 3313 interfecit.
544 3256 590 3312 Ita
617 3254 665 3314 ille
700 3255 753 3327 vir,
781 3261 832 3329 qui
866 3255 973 3314 multus
1003 3257 1137 3326 cunsiliu,

130 3362 283 3420 neminem
304 3361 429 3436 perfidia
449 3366 578 3435 cuperat,
599 3361 735 3419 simulata
756 3371 859 3436 captus
881 3372 926 3420 est
947 3364 1083 3421 amicitia.
