2817 4250
231 290 275 352 66
522 297 692 348 corruam
715 297 864 348 uerorrs
885 298 994 347 vrrna
1189 297 1283 361 [ιω.

322 472 374 529 ΙΧ.
402 472 441 528 At
466 475 525 541 rex,
550 469 632 544 quod
657 469 844 545 implacabile
869 469 971 528 odium
996 470 1027 528 in
1052 471 1201 528 Datamen
1224 489 1283 528 sus-

280 583 410 652 ceperat,
432 585 590 651 postquam
612 576 691 634 belli)
713 594 781 633 eum
803 575 932 650 opprimi
955 581 1016 634 ndu
1040 593 1128 650 posse
1153 576 1283 634 animad-

280 683 374 756 vertit,
409 682 522 741 insidiis
557 682 723 741 interficere
762 681 892 756 studuit3
934 688 1006 757 quas
1041 681 1089 740 ille
1131 682 1283 758 plerasque

281 789 409 848 evitavit.
464 790 554 860 Sicut,
583 807 650 846 cum
683 796 711 847 ei
741 790 906 848 nuntiatum
938 798 1015 847 esset
1049 787 1196 863 quisdam
1230 789 1283 848 sibi

245 895 419 984 5insidiari,
448 901 498 970 qui
529 894 560 952 in
591 899 756 953 amicerum
787 904 870 953 erant
900 899 1086 981 numer6‚l-
1096 893 1137 952 de
1170 894 1283 969 quibus,

280 1000 363 1077 quod
386 1001 498 1059 inimici
525 1000 701 1072 detulerant,
723 1019 823 1075 neque
850 999 1036 1059 credendum
1063 1018 1161 1075 neque
1187 1001 1283 1076 negle-

281 1106 411 1184 gendum
446 1107 755 1182 putavit-experiri
784 1106 885 1178 voluit,
917 1111 1019 1164 verum
1054 1105 1199 1164 falsumne
1230 1107 1284 1166 sibi

281 1225 359 1274 esset
385 1215 519 1272 relatum.
572 1215 678 1289 Itaque
706 1218 743 1271 ef)
771 1213 920 1288 profectus
949 1222 1002 1284 est,
1031 1213 1061 1270 in
1091 1218 1152 1287 qui)
1183 1212 1284 1270 itinere

281 1321 389 1401 futuris
416 1319 536 1378 insidias
565 1319 708 1377 dixerant.
755 1317 815 1377 Sed
843 1318 932 1393 elegit
960 1335 1085 1393 corpore
1113 1337 1150 1375 ac
1177 1323 1284 1376 statrira

233 1456 258 1486 10
280 1426 460 1486 simillimum
485 1433 528 1484 sui
552 1433 639 1500 eique
663 1431 801 1483 vestitum
825 1443 910 1482 suum
935 1423 1019 1482 dedit
1043 1434 1133 1499 atque
1157 1429 1195 1482 eri
1218 1423 1283 1481 locri

280 1541 332 1606 ire,
353 1539 415 1609 qud
442 1533 505 1608 ipse
533 1537 699 1603 c6nsuerat,
725 1531 824 1604 iussit3
852 1532 917 1605 ipse
944 1541 1044 1589 autem
1072 1536 1176 1588 &mitri
1200 1536 1282 1588 vesti-

281 1645 371 1715 trique
396 1639 511 1697 militari
535 1640 611 1696 inter
639 1639 772 1713 corporis
799 1636 940 1695 custrides
967 1637 1023 1695 iter
1050 1636 1148 1694 facere
1175 1635 1282 1711 coepit.

280 1748 319 1804 At
343 1746 538 1817 insidiatdres,
560 1755 719 1819 postquam
743 1745 774 1800 in
798 1762 866 1801 eum
891 1743 990 1801 locum
1012 1749 1118 1818 agmen
1143 1742 1283 1818 pervenit,

281 1853 400 1927 decepti
421 1851 525 1909 ‹irdine
548 1861 636 1926 atque
657 1855 764 1908 vestitri
785 1850 930 1924 impetum
953 1850 983 1907 in
1004 1867 1072 1907 eum
1094 1848 1215 1921 iaciunt,
1236 1855 1284 1923 qui

233 1981 256 2027 ις
280 1958 448 2032 suppositus
483 1966 555 2014 erat.
611 1955 800 2014 Praedixerat
834 1966 933 2013 autem
960 1962 1002 2014 eis
1036 1957 1188 2028 Datames,
1217 1973 1283 2012 cum

281 2064 385 2140 quibus
413 2063 469 2121 iter
496 2061 633 2134 faciebat,
655 2072 688 2120 ut
712 2068 806 2138 parati
831 2072 930 2120 essent
955 2061 1051 2121 facere
1083 2062 1165 2138 quod
1189 2061 1285 2137 ipsum

280 2171 431 2229 vidissent.
475 2171 553 2245 Ipse,
575 2180 608 2227 ut
631 2174 842 2227 concurrentes
866 2168 1051 2227 insidiatrires
1077 2169 1209 2226 animum
1234 2167 1284 2226 ad-

280 2277 375 2348 vertit,
404 2275 463 2334 tela
493 2276 523 2333 in
554 2281 605 2334 eris
641 2274 780 2334 coniecit.
836 2276 908 2333 Hbc
942 2273 1023 2333 idem
1059 2292 1127 2331 cum
1161 2274 1286 2332 finiversi

281 2383 432 2453 fecissent,
462 2381 632 2456 priusquam
660 2386 848 2455 pervenirent
874 2379 914 2438 ad
946 2398 1015 2439 eum
1045 2397 1136 2453 quem
1167 2378 1286 2455 aggredi

230 2514 258 2545 20
279 2487 428 2559 volebant,
450 2487 562 2545 cdnfixi
585 2485 791 2545 conciderunt.

319 2595 357 2652 X.
387 2594 447 2651 Hie
488 2602 588 2650 tamen
629 2602 691 2649 tam
733 2589 856 2649 callidus
895 2591 938 2647 vir
975 2595 1109 2649 extremi>
1151 2600 1286 2665 tempore

280 2709 384 2774 captus
413 2709 458 2757 est
486 2697 675 2769 Mithridatis,
704 2697 908 2756 Ariobarzanis
934 2696 998 2768 fuir,
1024 2695 1104 2754 dolf).
1148 2696 1286 2771 Namque

280 2806 304 2864 is
328 2804 475 2880 pollicitus
500 2814 545 2862 est
569 2808 630 2879 regi
651 2808 683 2861 se
705 2822 773 2861 eum
794 2802 1026 2873 interfecturum,
1048 2808 1072 2859 si
1093 2806 1144 2860 rex
1164 2802 1286 2877 permit-

280 2921 363 2982 teret,
386 2921 418 2968 ut
440 2908 652 2985 quodcumque
676 2908 765 2966 vellet
787 2908 888 2967 liceret
909 2908 1031 2984 imprine
1052 2907 1160 2979 iacere,
1182 2906 1286 2966 fidem-

230 3045 256 3092 25
280 3034 338 3091 que
363 3016 401 3075 de
427 3023 463 3073 ei
486 3021 518 3075 re
543 3018 626 3074 m6r'e
651 3018 804 3073 Persarum
828 3013 934 3073 dextra
958 3013 1098 3073 dedisset.
1142 3015 1232 3072 Hanc
1256 3023 1288 3072 ut

280 3123 396 3198 accepit
420 3128 439 3180 ai
462 3126 532 3198 r'e'ge
558 3126 685 3192 missam,
708 3120 811 3195 ccipiis
833 3130 916 3196 parat
941 3130 971 3178 et
995 3120 1101 3179 absens
1126 3121 1287 3179 amicitiam

280 3248 349 3287 cum
381 3230 509 3287 Datame
541 3228 620 3300 facit,
650 3228 726 3302 regis
758 3226 924 3301 privinciae
955 3231 1051 3298 vexat,
1080 3226 1203 3285 castella
1237 3246 1286 3284 ex·

281 3340 400 3410 pigna,
430 3340 550 3410 magnis
578 3333 703 3409 praedas
735 3333 824 3415 capit,
854 3338 977 3407 quirum
1004 3332 1113 3407 partim
1141 3339 1200 3391 suis
1228 3333 1285 3391 dis-

279 3442 378 3517 pertit,
403 3441 511 3516 partim
539 3439 577 3498 ad
606 3441 756 3498 Datamen
786 3438 875 3497 mittit
885 3460 894 3511 ;
923 3445 986 3514 pari
1013 3439 1106 3498 mode
1135 3439 1288 3514 complura

229 3578 258 3625 30
280 3547 399 3606 castella
425 3552 453 3605 ei
473 3545 572 3605 tradit.
617 3546 706 3603 Haec
724 3545 776 3603 diu
797 3543 935 3603 faciendi>
956 3546 1101 3619 persuasit
1121 3545 1235 3604 homini
1255 3550 1286 3603 se

279 3655 429 3713 infinitum
461 3652 599 3711 adversus
631 3656 732 3726 regem
757 3652 920 3725 suscepisse
948 3650 1066 3722 bellum,
1095 3670 1166 3709 cum
1193 3650 1285 3709 nihile
1384 3677 1386 3682 ·

280 3760 382 3836 magis,
410 3762 449 3816 ne
481 3775 571 3832 quarn
605 3756 805 3831 suspicidnem
835 3756 876 3813 illi
911 3756 1067 3831 praeberet
1104 3756 1285 3828 insidiamm,
