2817 4250
130 321 181 384 vr]
582 319 750 369 DATAMES
1147 311 1188 389 63

132 495 224 552 docet
246 512 315 552 eum
339 495 369 550 in
391 481 498 568 migne
519 493 582 552 sore
603 493 744 568 periculo,
766 501 791 552 si
810 493 883 569 quid
903 493 953 552 ille
976 494 1140 569 imperante

132 601 251 659 adversi
279 601 313 657 in*
338 603 475 676 Aegypte
502 599 668 658 accidisset.
715 601 854 674 Namque
882 618 949 658 eam
977 619 1041 658 esse
1069 606 1140 658 cen-

132 705 323 764 suetirdinem
349 707 470 780 regiam,
491 715 523 762 ut
547 710 632 763 cesus
653 704 792 763 adverses
813 705 982 765 hominibus
1002 705 1140 776 tribuant,

133 811 285 870 secundes
314 812 454 870 sertimae
482 789 563 869 suae.
608 811 677 885 Que
701 811 766 868 fieri
789 820 822 868 ut
846 811 931 869 facile
955 811 1142 886 impellantur

133 917 175 976 ad
214 923 318 975 einum
354 916 527 992 perniciem,
562 921 688 991 querum
723 915 815 974 ductii
850 922 896 975 res
931 917 1006 976 male
1041 927 1142 993 gestae
1165 896 1184 988 ς’

133 1023 316 1082 mentientur.
361 1021 448 1080 Illum
476 1022 534 1080 hec
564 1022 674 1080 meiere
703 1022 765 1080 sore
793 1023 824 1079 in
848 1022 1025 1095 discrimine,
1050 1024 1141 1098 quod,

132 1129 243 1204 quibus
271 1133 323 1187 rex
354 1128 481 1186 mexime
512 1127 663 1199 oboediat,
693 1133 745 1186 ees
776 1127 885 1187 habeat
914 1128 1141 1188 inimicissimes.

132 1234 256 1293 Telibus
281 1233 330 1292 ille
355 1233 458 1291 litteris
482 1233 616 1308 cegnitis‚
638 1251 707 1290 cum
732 1233 791 1291 iam
815 1232 855 1291 ad
876 1234 1038 1293 exercitum
1058 1236 1142 1292 Acen

133 1341 275 1412 venisset,
297 1338 378 1415 quod
406 1345 466 1398 nen
492 1339 646 1414 ignerebat
675 1357 711 1397 ea
738 1344 807 1398 vere
834 1345 951 1415 scripta,
976 1339 1143 1400 desciscere

134 1453 153 1504 e
175 1451 245 1520 rege
266 1445 426 1503 censtituit.
1167 1477 1193 1506 10

180 1553 285 1626 Neque
321 1561 422 1610 tamen
456 1551 614 1626 quicquam
650 1551 726 1609 iecit
762 1551 844 1626 quod
878 1551 939 1610 fide
977 1559 1029 1611 sue
1066 1563 1143 1611 esset

135 1658 302 1734 indignum.
346 1659 425 1715 Nam
453 1656 660 1716 Mandroclem
689 1659 862 1732 Megnetem
890 1658 1032 1716 exercitui
1058 1675 1141 1733 prae-

135 1765 212 1822 fecit
223 1785 231 1836 3
261 1764 325 1838 ipse
353 1781 422 1820 cum
450 1769 508 1820 suis
536 1763 567 1820 in
595 1761 820 1837 Cappadociam
848 1762 976 1821 discedit
1003 1764 1142 1822 coniunc-

135 1882 259 1944 tamque
284 1869 353 1926 huic
378 1868 609 1943 Paphlagoniam
634 1878 771 1942 occupat,
793 1868 971 1944 celerisque
994 1869 1142 1928 voluntaite

136 1974 272 2033 esset‘in
297 1979 407 2050 regem.
449 1973 534 2032 Clam
560 1992 628 2031 cum
653 1973 850 2032 Ariobarzane
875 1974 946 2032 iacit
972 1975 1144 2048 amicitiam,
1168 2002 1192 2049 15

136 2099 260 2139 manum
282 2089 445 2155 comparat,
466 2079 553 2139 urbes
575 2085 701 2138 munitas
723 2086 781 2138 suis
802 2079 926 2139 tuendes
946 2080 1045 2139 tredit.

178 2189 232 2245 VI.
261 2186 320 2246 Sed
345 2186 420 2245 haee
444 2195 566 2262 propter
590 2186 716 2244 hiemele
741 2195 858 2262 tempus
884 2188 979 2245 minus
1003 2194 1145 2263 prespere

136 2291 354 2369 procedebant.
395 2291 487 2350 Audit
513 2291 624 2349 Pisidas
649 2291 796 2366 quosdam
820 2292 922 2367 cepies
946 2292 1086 2352 adversus
1113 2299 1145 2352 se

137 2404 254 2475 parere.
298 2398 402 2455 Filium
427 2403 465 2456 ee
489 2396 664 2455 Arsidaeum
686 2416 754 2454 cum
776 2399 906 2456 exercitu
928 2398 1036 2471 mittit;
1064 2398 1145 2458 cadit

137 2505 172 2562 in
202 2504 316 2579 proelie
350 2503 533 2562 adulescens,
589 2503 787 2561 Proficiscitur
821 2509 857 2561 ee
891 2514 975 2577 pater
1009 2510 1071 2563 nen
1104 2505 1146 2562 ita
1167 2535 1196 2565 20

139 2616 249 2685 megne
283 2627 352 2667 cum
388 2614 485 2681 manu,
521 2608 621 2667 celeus
655 2619 799 2683 quantum
832 2609 936 2668 vulnus
971 2611 1145 2686 accepisset,
1244 2606 1246 2611 ’

138 2714 224 2791 quod
249 2715 329 2789 prius
354 2713 393 2772 ad
414 2714 532 2773 hostem
554 2720 707 2789 pervenire
728 2715 876 2789 cupiebat,
898 2733 986 2790 quam
1008 2716 1048 2774 de
1069 2716 1145 2775 male

139 2826 174 2879 re
198 2826 281 2896 geste
305 2820 389 2877 lema
413 2820 451 2879 ad
476 2826 545 2879 sues
569 2827 744 2895 perveniret,
767 2826 805 2878 ne
830 2821 949 2895 cegnite
971 2822 1028 2879 filii
1051 2832 1145 2881 morte

140 2925 234 2984 animi
262 2925 486 2984 debiliterentur
513 2925 647 2984 militum.
694 2926 763 2999 Que
791 2925 986 2984 contenderat
1013 2928 1147 3002 pervenit

131 3038 237 3106 eisque
264 3031 337 3090 locis
361 3042 456 3089 castra
484 3031 577 3106 penit,
600 3042 631 3089 ut
659 3050 757 3105 neque
785 3032 931 3089 circumiri
959 3032 1147 3091 multitidine
1170 3065 1196 3111 25

140 3137 377 3196 adverseriemm
405 3147 505 3212 posset
532 3155 628 3212 neque
657 3138 804 3212 impediri,
831 3138 989 3213 queminus
1016 3139 1080 3215 ipse
1107 3140 1147 3198 ad

140 3243 347 3303 dimicandum
369 3262 487 3300 manum
509 3242 631 3301 haberet
652 3243 831 3320 expeditam.

186 3350 258 3407 Erat
293 3368 361 3407 cum
396 3354 433 3407 ee
468 3348 731 3421 Mithrobarzenes,
763 3368 848 3407 socer
882 3350 953 3423 eius,
982 3351 1148 3426 praefectus

142 3455 289 3531 equitum.
332 3456 362 3513 Is
384 3453 547 3530 desperetis
568 3460 668 3530 generi
690 3455 777 3513 rebus
798 3454 835 3512 ad
859 3455 958 3514 hostes
980 3458 1147 3534 trensfrigit.

143 3562 183 3621 Id
212 3563 356 3620 Datames
384 3571 415 3619 ut
443 3560 562 3633 audivit,
592 3561 690 3633 sensit,
720 3567 744 3619 si
771 3561 802 3619 in
829 3562 946 3620 turbam
974 3569 1081 3622 exisset
1110 3566 1149 3623 ab
1172 3596 1200 3641 30

142 3668 268 3728 homine
300 3678 361 3725 tam
392 3668 557 3725 necesserie
592 3672 623 3725 se
658 3667 801 3739 relictum,
830 3668 959 3733 futirrum
992 3679 1025 3728 ut
1059 3674 1151 3730 ceteri

141 3775 225 3833 idem
258 3773 412 3832 eonsilium
440 3783 631 3849 sequerentur
641 3794 649 3844 3
685 3774 784 3848 itaque
812 3774 842 3831 in
869 3774 971 3850 vulgus
1003 3775 1065 3834 edit
1095 3782 1149 3835 sue
