2817 4250
580 859 644 918 xv.
681 842 989 918 criminosioris

324 1045 348 1102 Ι.
379 1045 608 1120 Epaminondas,
640 1044 786 1119 Polymnii
813 1044 903 1115 lilius,
931 1042 1100 1101 Thebanus.
1153 1044 1201 1100 Da
1228 1042 1287 1100 hac

283 1151 453 1225 priusquam
477 1150 640 1221 scribimus,
665 1150 740 1207 haec
767 1147 981 1224 praecipienda
1007 1148 1144 1206 videntur
1170 1147 1287 1206 lactari·

283 1257 346 1328 bus,
375 1261 413 1313 na
444 1256 557 1314 alienas
592 1260 688 1314 maras
719 1254 758 1313 ad
786 1259 854 1313 suas
881 1255 1017 1325 referant,
1045 1258 1121 1312 nave
1148 1271 1185 1310 ea
1211 1271 1287 1328 quae

282 1362 352 1436 ipsis
379 1363 490 1420 leviara
517 1371 593 1432 sunt,
622 1367 686 1436 pari
713 1360 805 1418 moda
832 1359 912 1435 apud
944 1364 1061 1418 ceteras
1091 1359 1179 1417 fuisse
1211 1359 1287 1418 arbi-

248 1487 258 1532 5
283 1476 402 1524 trentur.
444 1469 558 1526 Scimus
587 1467 665 1524 enim
695 1467 827 1524 masicen
854 1471 960 1524 nostris
989 1464 1119 1523 maribus
1143 1464 1290 1523 abessea

283 1573 423 1648 principis
445 1578 579 1648 persana,
602 1573 706 1631 saltare
730 1577 801 1630 vara
825 1572 915 1630 etiam
939 1571 970 1628 in
994 1571 1069 1629 vitiis
1091 1575 1181 1645 poni,
1210 1588 1288 1644 quae

283 1680 383 1737 omnia
410 1679 490 1754 apud
516 1681 648 1739 Graecas
676 1689 706 1737 et
733 1685 815 1754 grata
844 1687 874 1736 et
904 1677 992 1735 laude
1016 1676 1106 1752 digna
1130 1676 1287 1735 discuntur.

284 1787 361 1844 Cum
381 1795 480 1843 autem
500 1786 664 1860 exprimere
684 1785 844 1860 imaginem
863 1783 1084 1842 cansuatr‘rdinis
1104 1792 1192 1856 atque
1212 1788 1288 1840 vitae

282 1892 403 1950 velimus
432 1891 667 1967 Epaminondae,
695 1890 768 1948 nihil
797 1889 934 1948 videmur
963 1889 1074 1947 dabere
1104 1888 1287 1962 praetermit-

235 2023 261 2053 ιο
283 2007 354 2069 tere,
377 1997 459 2071 quod
481 1997 626 2072 pertineat
647 1996 686 2054 ad
711 2014 779 2054 eam·
801 1994 1020 2055 declarandam.
1063 1994 1183 2068 Quare
1207 1992 1287 2052 dica-

283 2121 348 2161 mus
372 2109 499 2178 primum
524 2102 562 2161 de
587 2120 694 2178 genere
720 2103 791 2175 aius,
813 2101 922 2162 deinde
944 2101 1051 2176 quibus
1072 2099 1234 2176 disciplinis
1258 2109 1288 2157 et

283 2214 301 2267 a
328 2210 433 2283 quibus
462 2210 498 2267 sit
523 2208 661 2279 eruditus,
687 2219 750 2266 tum
779 2208 817 2266 da
846 2208 976 2267 moribus
1001 2208 1170 2282 ingeniique
1198 2206 1286 2264 sacul-

282 2315 390 2373 tatibus
426 2324 455 2372 et
487 2321 511 2372 si
541 2333 601 2389 qua
631 2314 687 2372 alia
719 2313 861 2371 memoria
892 2312 981 2387 digna
1013 2322 1107 2383 erunt,
1136 2318 1287 2387 postrema

283 2422 321 2479 de
356 2421 442 2480 rebus
477 2428 574 2497 gestis,
611 2438 686 2496 quae
722 2426 740 2477 a
773 2419 905 2494 plarimis
940 2418 1030 2476 animi
1067 2423 1287 2493 anteponuntur

234 2548 258 2595 ις
281 2527 445 2585 virtutibus.

323 2634 365 2691 II.
395 2634 489 2690 Natus
516 2632 603 2706 igitur
633 2640 717 2705 patre
748 2635 808 2704 quo
842 2630 977 2701 diximus,
1006 2644 1116 2705 genere
1150 2628 1284 2701 honesta,

282 2756 396 2813 pauper
422 2738 481 2794 iam
509 2743 527 2794 a
555 2736 713 2795 maioribus
741 2736 858 2793 relictus
887 2745 940 2806 est,
962 2734 1093 2793 eruditus
1120 2745 1221 2793 autem
1245 2741 1285 2792 sic

282 2855 314 2902 ut
335 2848 424 2902 hama
445 2844 605 2901 Thebanus
627 2842 728 2916 magis.
771 2842 850 2898 Nam
872 2850 902 2899 et
923 2841 1092 2898 citharizare
1115 2850 1145 2898 et
1167 2845 1284 2897 cantare

283 2950 320 3008 ad
352 2948 529 3006 chordarum
561 2965 665 3005 sonum
698 2931 805 3004 doctus
836 2957 881 3004 est
911 2952 929 3003 a
960 2946 1116 3019 Dionysio,
1145 2952 1196 3020 qui
1226 2950 1285 3003 nan

231 3080 259 3113 ιο
282 3056 395 3113 minare
420 3055 473 3111 suit
498 3055 527 3110 in
554 3053 670 3111 musicis
691 3052 784 3128 gloria
803 3070 893 3126 quam
915 3053 1034 3109 Damon
1056 3061 1106 3108 aut
1131 3052 1283 3126 Lamprus,

281 3165 406 3235 quorum
431 3160 601 3234 pervulgata
625 3168 692 3216 sunt
717 3157 846 3228 nomina,
872 3163 991 3215 cantare
1016 3158 1094 3215 tibiis
1118 3156 1156 3216 ab
1184 3156 1282 3232 Olym-

281 3267 416 3343 piodoro,
448 3266 552 3323 saltare
584 3271 602 3322 Ξ
633 3264 832 3339 Calliphrane.
888 3266 927 3320 At
961 3262 1167 3338 philosophiae
1201 3281 1284 3338 prae-

281 3378 434 3447 ceptorem
467 3371 568 3429 habuit
604 3372 702 3445 Lysim
737 3372 938 3441 Tarentinum,
968 3369 1185 3444 Pythagoreum
1195 3390 1204 3442 3
1239 3375 1286 3427 cui

280 3477 401 3553 quidem
424 3484 465 3535 sic
487 3478 541 3534 suit
562 3476 690 3548 daditus
712 3486 745 3534 ut
766 3476 941 3534 adulescens
962 3482 1072 3533 tristem
1095 3494 1130 3532 ac
1152 3480 1285 3533 sevarum

230 3610 255 3657 ²5
280 3602 381 3642 senem
414 3583 552 3641 omnibus
583 3582 754 3657 aequalibus
786 3588 844 3640 suis
875 3583 905 3638 in
936 3582 1132 3640 familiaritate
1163 3591 1284 3656 antepo-

281 3690 389 3761 suerit,
418 3706 515 3762 neque
540 3688 619 3762 prius
644 3706 712 3745 eum
738 3694 755 3746 Ξ
779 3692 810 3746 se
835 3688 954 3758 dimisit,
975 3706 1065 3762 quam
1090 3688 1122 3745 in
1145 3688 1286 3746 doctrinis

281 3799 363 3853 tanto
394 3794 553 3851 antecessit
584 3792 813 3868 condiscipulas,
842 3802 883 3863 ut¹
905 3793 990 3849 facile
1022 3793 1153 3868 intellegi
1186 3801 1287 3867 posset
