2817 4250
104 323 169 390 111.]
567 325 734 378 sumanus
1130 322 1172 402 87

107 498 304 559 familiaribus
332 497 555 574 dispertirentur
584 507 614 557 et
638 517 753 557 summa
776 499 884 558 tradita
909 512 987 559 esset
1011 503 1122 561 tuenda

106 603 222 676 eidem,
258 611 305 661 cui
342 602 511 662 Alexander
547 605 675 662 moriaus
710 605 830 663 anulum
866 624 950 665 suum
987 606 1120 682 dederat,

107 708 374 768 Perdiccae-ex
404 714 465 785 qua
493 714 598 769 omnas
626 710 817 769 coniacerant
844 729 912 770 eum
942 716 1065 788 ragnum
1094 721 1122 772 ei

106 816 307 888 commisisse,
329 814 429 890 quoad
457 816 541 874 liberi
569 816 632 874 aius
662 816 693 874 in
717 835 799 874 suam
826 818 947 876 tatalam
973 820 1120 894 pervariis·

106 932 199 994 sent;
227 923 329 980 aberat
357 922 437 981 enim
461 922 601 980 Crateros
626 932 656 981 et
679 923 842 998 Antipater,
869 929 918 998 qui
943 925 1121 984 antecedere
1145 954 1156 1001 ς

105 1027 193 1085 hunc
217 1027 413 1100 vidabantur3
442 1037 573 1086 mortuus
601 1038 663 1086 erat
692 1028 887 1105 Haphaestia,
911 1046 1001 1104 quem
1029 1036 1120 1089 riuum

105 1133 291 1205 Alexander,
315 1133 397 1208 quod
422 1133 506 1191 facile
531 1134 661 1208 intellegi
685 1144 796 1209 posset,
818 1135 935 1209 plarimi
957 1136 1121 1195 facerat—

106 1239 172 1296 hac
201 1248 336 1313 tempore
364 1238 436 1297 data
463 1248 508 1297 est
542 1240 670 1298 Eumeni
704 1239 898 1317 Cappadocia
932 1241 993 1299 sive
1023 1243 1120 1317 potius

107 1344 214 1417 dicta,
246 1363 314 1402 nam
347 1355 410 1403 tum
438 1345 469 1402 in
497 1345 626 1404 hostium
656 1354 718 1403 erat
746 1353 902 1420 potestate.
946 1348 1037 1405 Hunc
1065 1348 1120 1406 sibi

108 1448 272 1509 Perdiccas
313 1451 486 1510 adiriuxerat
528 1455 636 1526 magna
671 1451 779 1523 studia,
816 1451 897 1526 quod
935 1452 966 1510 in
1000 1453 1119 1512 homine
1145 1476 1171 1507 ιο

108 1556 205 1614 fidem
236 1566 266 1614 et
297 1555 470 1614 industriam
504 1563 641 1631 magnam
674 1556 803 1629 vidabat,
832 1563 892 1617 nan
921 1557 1068 1631 dubitans,
1096 1566 1120 1618 si

107 1679 181 1719 eum
211 1662 389 1737 pellexisset,
415 1667 523 1739 magna
551 1667 616 1720 risui
643 1662 705 1721 fore
734 1663 790 1721 sibi
815 1664 845 1721 in
870 1670 912 1722 eis
937 1666 1023 1723 rabus
1047 1671 1120 1740 quas

107 1768 283 1842 apparabat.
326 1768 484 1843 Cagitabat
513 1769 602 1839 enim,
624 1767 707 1843 quod
732 1769 793 1827 fera
817 1774 920 1828 omnas
949 1771 979 1828 in
1006 1777 1119 1847 magnis

107 1874 242 1948 imperiis
280 1880 503 1949 concupiscunt,
532 1875 664 1931 omnium
700 1879 798 1948 partas
840 1876 988 1950 corripere
1030 1888 1119 1951 atque

107 1979 281 2054 complecti.
325 1981 432 2053 Neque
464 1984 534 2039 vara
564 1979 622 2037 hac
649 1981 697 2037 ille
727 1981 805 2038 salus
834 1982 917 2054 iacit,
947 1983 1000 2040 sed
1028 1987 1120 2041 cateri
1143 2011 1167 2056 ¹5

106 2103 231 2161 quoque
254 2090 368 2158 omnas,
392 2092 443 2161 qui
463 2086 622 2144 Alexandri
643 2087 758 2144 fuerant
785 2092 881 2146 amici.
924 2090 1037 2148 Primus
1063 2091 1117 2149 Le-

106 2197 240 2250 onnatus
265 2191 476 2251 Macedoniam
504 2198 726 2267 praeoccupare
755 2193 920 2253 dastinavit.
963 2196 993 2253 Is
1022 2197 1119 2263 multis

107 2304 285 2374 magnisque
311 2298 572 2373 pollicitatianibus
595 2298 773 2373 persuadare
796 2301 924 2358 Eumeni
944 2301 1064 2373 studuit,
1086 2312 1118 2361 ut
1137 2333 1140 2339 ,

108 2404 288 2462 Perdiccam
314 2404 463 2464 dasereret
487 2423 522 2462 ac
551 2409 653 2463 sacum
678 2406 789 2464 faceret
817 2406 998 2465 societatem.
1041 2409 1118 2467 Cum

106 2510 277 2585 perdacere
313 2528 381 2568 eum
415 2515 476 2569 nan
511 2520 621 2585 posset,
650 2510 816 2570 interficere
851 2517 974 2571 canatus
1009 2524 1062 2587 est,
1088 2524 1118 2573 et
1139 2542 1168 2573 ιο

105 2615 246 2687 fecisset,
267 2616 324 2673 nisi
349 2616 396 2673 ille
421 2617 497 2673 clam
521 2620 612 2674 noctir
637 2635 674 2674 ex
695 2616 848 2692 praesidiis
870 2618 932 2677 aius
953 2619 1116 2696 effagisset.

150 2723 210 2781 III.
248 2722 370 2780 Interim
400 2723 527 2781 caudata
559 2733 625 2781 sunt
657 2724 706 2780 illa
737 2723 821 2795 bella,
850 2743 926 2799 quae
957 2725 996 2784 ad
1027 2727 1115 2786 inter-

105 2828 270 2884 necianem
298 2839 366 2903 post
389 2827 548 2886 Alexandri
580 2839 705 2887 mortem
736 2839 818 2905 gesta
849 2841 924 2902 sunt,
953 2837 1116 2909 omuasque

106 2939 324 2992 concurraruut
355 2934 393 2991 ad
426 2935 599 2993 Perdiccam
634 2935 873 3010 opprimendum.
929 2939 1028 3012 Quem
1063 2947 1117 2999 etsi

103 3040 263 3098 infirmum
285 3040 413 3112 vidabat,
432 3040 513 3115 quod
535 3046 609 3099 rinus
631 3041 767 3100 omnibus
789 3042 923 3101 resistere
945 3045 1115 3119 cagabatur,
1138 3072 1163 3119 ²5

105 3157 212 3204 tamen
234 3151 362 3203 amicum
384 3152 444 3203 nan
465 3146 593 3204 daseruit
615 3165 712 3221 neque
736 3148 835 3205 sallitis
860 3167 949 3223 quam
971 3149 1041 3208 fidei
1063 3152 1116 3209 fuit

105 3250 257 3326 cupidior.
313 3251 505 3310 Praefacerat
540 3253 619 3309 hunc
656 3252 813 3311 Perdiccas
851 3258 879 3311 ei
916 3260 992 3328 parti
1028 3255 1116 3315 Asiae

106 3375 187 3432 quae
215 3357 293 3414 inter
319 3358 448 3415 Taurum
481 3363 614 3415 mantem
646 3358 724 3415 iacet
755 3369 843 3433 atque
878 3361 1114 3438 Hellaspontum,

107 3472 139 3520 et
171 3462 254 3519 illum
288 3467 379 3520 anum
412 3474 591 3538 opposuerat
627 3464 790 3537 Eurapaeis
825 3465 1015 3540 adversariis,
1051 3469 1114 3543 ipse

106 3569 280 3641 Aegyptum
301 3572 503 3643 opprignatum
524 3568 662 3626 adversus
687 3569 888 3627 Ptolemaeum
913 3582 975 3629 erat
999 3574 1114 3647 profec·
1137 3605 1165 3650 30

107 3684 166 3731 tus
210 3674 360 3731 Eumenas
387 3693 457 3731 cum
483 3693 581 3749 neque
609 3680 729 3749 magnas
758 3676 858 3749 capias
886 3694 983 3750 neque
1012 3678 1114 3737 firmas

108 3778 244 3849 habaret,
270 3779 350 3852 quod
379 3789 410 3837 et
437 3780 645 3837 inexercitatae
674 3791 702 3837 et
731 3784 791 3837 nan
819 3781 911 3839 multa
940 3792 1007 3839 ante
1032 3793 1114 3840 erant
