2817 4250
130 289 202 376 [m]
581 301 776 350 Mrnrrnnss
1187 303 1202 370 ς

151 473 345 532 dimitterent.
388 473 466 530 Nam
495 478 520 531 si
546 479 677 531 cumeis
706 473 808 548 cepiis,
834 478 907 547 ques
934 477 1035 532 secum
1064 479 1154 531 trins-

150 585 292 655 porterat,
331 579 476 636 interisset
515 579 637 651 Dereus,
674 584 736 638 nen
769 579 864 638 selum
907 580 1058 654 Eurepam
1093 579 1156 637 fore

151 691 256 757 tutam,
271 683 326 743 sed
349 685 439 742 etiam
464 689 515 742 ees
540 691 590 759 qui
613 685 714 743 Asiam
735 685 899 743 incolerent
921 686 1028 744 Graeci
1047 703 1157 760 genere

151 791 260 850 liberes
288 796 306 849 e
334 792 486 848 Perserum
516 790 627 848 futirres
653 789 855 849 dominetiene
883 801 913 849 et
937 791 1076 864 pericule.
1120 790 1157 848 Id

151 897 238 954 facile
263 895 340 954 effici
369 913 474 970 posse:
504 901 597 970 ponte
626 897 706 954 enim
735 897 858 954 rescisse
886 900 986 971 regem
1014 898 1060 953 vel
1089 897 1155 955 hos·
1178 919 1189 966 5

151 1003 226 1061 tium
252 1003 329 1060 serre
354 1003 401 1059 vel
427 1002 526 1076 inopie
545 1008 647 1077 paucis
669 1001 774 1060 diebus
794 1002 986 1060 interiturum.
1030 1002 1078 1060 Ad
1099 1003 1157 1060 hec

152 1109 308 1166 censilium
333 1127 402 1166 cum
427 1107 559 1183 plerique
584 1107 771 1180 accederent,
795 1108 947 1166 Histiaeus
967 1107 1098 1166 Milesius
1118 1113 1157 1166 ne

152 1219 200 1272 res
237 1214 433 1272 conficeretur
470 1214 594 1286 obstitit,
634 1212 736 1272 dicens
773 1218 835 1271 nen
871 1214 954 1272 idem
991 1214 1072 1288 ipsis,
1108 1221 1158 1289 qui

152 1327 282 1378 summes
310 1320 426 1394 imperii
453 1325 598 1392 tenerent,
626 1318 768 1394 expedire
798 1329 829 1377 et
860 1318 1049 1392 multitridini,
1076 1318 1158 1394 quod

153 1427 244 1484 Der&
268 1430 360 1500 regne
384 1426 516 1500 ipserum
544 1430 685 1484 niteretur
713 1423 896 1497 dominiti63
928 1430 989 1499 que
1013 1426 1159 1484 exstincte
1182 1455 1209 1486 ιο

153 1531 234 1606 ipses
272 1536 420 1606 potestete
459 1530 595 1606 expulses
633 1531 745 1588 civibus
785 1536 843 1588 suis
880 1535 992 1605 poenes
1029 1530 1158 1589 datiues.

154 1638 260 1712 Itaque
288 1637 366 1695 adef>
394 1641 426 1694 se
454 1637 611 1694 abhorrere
636 1642 654 1694 e
678 1641 845 1694 cetererum
866 1635 1003 1708 censilie,
1027 1646 1059 1694 ut
1085 1636 1159 1694 nihil

154 1752 239 1818 putet
259 1743 329 1818 ipsis
350 1742 447 1801 titilius
468 1760 558 1816 quam
579 1741 753 1799 cenfirmeri
774 1747 897 1817 regnum
913 1743 1074 1800 Perserum.
1099 1713 1152 1818 ’Ᾰ

195 1849 293 1907 Hriius
321 1867 389 1906 cum
417 1848 593 1906 sententiam
618 1848 736 1923 phirimi
763 1857 861 1906 essent
885 1853 987 1919 secuti,
1009 1847 1160 1906 Miltiades

154 1973 216 2013 non
240 1955 378 2013 dubiteris
402 1964 464 2012 tam
489 1954 586 2012 multis
611 1955 737 2012 censciis
761 1952 801 2012 ad
826 1954 902 2030 regis
926 1958 1011 2012 aures
1038 1954 1208 2027 censilia15

155 2079 208 2118 sua
234 2065 419 2137 perventiira,
448 2059 666 2119 Chersonesum
695 2060 812 2135 reliquit
841 2078 875 2117 ac
906 2065 1002 2118 nirsus
1029 2059 1160 2118 Athenes

155 2167 339 2243 demigravit.
395 2166 485 2225 Ciius
520 2167 595 2225 ratie
626 2173 681 2226 etsi
708 2172 769 2225 nen
796 2167 895 2239 valuit,
924 2177 1024 2225 tamen
1052 2172 1160 2242 migne

155 2292 247 2348 opere
273 2283 317 2331 est
341 2272 498 2345 laudanda,
520 2292 589 2331 cum
613 2273 736 2331 amicior
760 2272 893 2331 omnium
918 2272 1044 2333 liberteti
1070 2291 1160 2347 quam

155 2398 225 2438 suae
247 2379 333 2437 fucrit
355 2378 559 2437 dominationi.

197 2486 248 2543 IV.
278 2486 392 2543 Direus
416 2494 525 2557 autem,
546 2503 615 2542 cum
642 2502 678 2541 ex
704 2485 824 2559 Eurepe
847 2484 878 2542 in
902 2484 1002 2542 Asiam
1026 2484 1159 2558 redisset,
1182 2513 1210 2545 ιο

155 2591 340 2649 hortantibus
365 2596 466 2649 amicis
490 2600 522 2648 ut
547 2590 705 2673 Graeciam
731 2588 878 2665 redigeret
901 2590 932 2647 in
957 2608 1039 2648 suam
1060 2601 1159 2665 potes·

156 2702 259 2769 tetcm,
286 2697 410 2755 classem
446 2702 670 2771 quingenterum
704 2696 823 2754 nevium
858 2696 1040 2771 comparevit
1074 2702 1159 2771 eique

157 2803 259 2861 Detim
284 2800 431 2877 praefecit
455 2812 486 2860 et
509 2801 724 2876 Artaphernem
741 2808 841 2876 eisque
867 2801 995 2860 ducenta
1016 2802 1159 2877 peditum,

156 2908 263 2967 decem
287 2909 419 2984 equitum
440 2908 520 2965 milia
541 2907 634 2980 dedit,
649 2926 769 2966 causam
790 2908 966 2967 interserens
987 2913 1019 2966 se
1042 2908 1160 2966 hostem

157 3032 222 3073 esse
247 3013 484 3085 Atheniensibus
506 3011 588 3088 quod
612 3018 715 3071 cerum
740 3013 847 3071 auxilie
873 3015 961 3072 lenes
985 3013 1082 3073 Sardis
1111 3033 1160 3072 ex·
1182 3044 1210 3092 ²5

157 3126 337 3196 pirgnissent
362 3138 473 3194 suaque
498 3119 646 3194 praesidia
673 3097 922 3212 interfecissent}
944 3119 992 3177 Illi
1020 3121 1162 3195 praefecti

158 3226 230 3301 regii
251 3225 344 3284 classe
366 3224 406 3283 ad
428 3226 583 3283 Euboeam
604 3226 728 3300 appulsi
748 3226 883 3283 celeriter
905 3224 1050 3283 Eretriam
1071 3230 1161 3300 cepe·

158 3341 224 3389 runt
253 3336 415 3405 omnesque
443 3332 506 3390 eius
534 3331 629 3406 gentis
657 3334 736 3388 cives
763 3330 902 3406 abreptds
930 3331 961 3387 in
991 3332 1092 3389 Asmm
1123 3330 1162 3388 ad

160 3441 257 3513 regem
287 3442 437 3495 miserunt.
491 3436 566 3495 Inde
595 3436 634 3494 ad
661 3436 791 3494 Atticam
819 3441 1006 3495 accesserunt
1034 3456 1069 3494 ac
1096 3443 1162 3495 suris

159 3545 259 3619 cepiis
287 3544 318 3601 in
346 3562 485 3618 campum
514 3542 691 3601 Marathena
719 3542 923 3615 dedtixerunt3
958 3543 983 3600 is
1011 3542 1095 3603 abest
1125 3544 1164 3602 ab
1186 3576 1214 3621 ³0

160 3650 273 3725 oppide
295 3649 412 3709 circiter
432 3649 510 3707 milia
531 3666 671 3723 passuum
693 3647 810 3706 decem.
854 3634 878 3716 J

200 3756 271 3813 Hec
292 3754 420 3813 tumultti
441 3754 635 3813 Athenienses
652 3765 714 3812 tam
732 3716 900 3829 propindue
917 3764 1038 3829 tamque
1055 3758 1163 3828 migne
