2817 4250
245 297 287 359 62
537 307 707 357 commu
730 308 878 358 umoris
901 308 1007 357 vrrxu
1261 309 1299 373 [v.

297 483 435 555 Namque
459 480 555 554 Aspis,
581 480 738 538 saltuesam
763 481 915 555 regienem
943 482 1128 556 castellisque
1159 487 1300 540 mrinitam

295 588 437 657 incolens,
460 592 520 644 nen
541 587 636 644 selum
657 587 782 661 imperiti
803 589 880 662 regis
900 593 961 646 nen
982 589 1114 664 perebat,
1134 589 1188 647 sed
1212 591 1299 647 etiarn

295 694 439 751 finitimis
467 692 602 766 regienes
624 692 756 758 'vexabat
783 704 814 752 et
841 712 917 768 quae
946 700 1008 769 regi
1035 701 1222 768 portarentur
1249 697 1299 753 ab·

295 800 429 874 ripiebat.
472 799 614 856 Datames
640 806 694 856 etsi
721 799 808 874 longe
834 800 935 857 aberat
959 800 997 857 ab
1013 806 1056 858 eis
1082 801 1249 875 regienibus
1270 813 1299 859 et

260 927 270 973 5
295 911 312 962 e
337 905 447 962 meiere
472 909 504 961 re
529 904 760 976 abstrahebemr,
786 915 886 961 tamen
911 905 987 980 regis
1015 905 1157 963 volunteti
1185 897 1299 964 merem

295 1009 459 1086 gerendum
481 1009 601 1083 putavit.
645 1012 750 1084 ltaque
775 1028 845 1067 cum
869 1017 980 1085 paucis,
1001 1010 1056 1068 sed
1080 1011 1148 1068 viris
1176 1012 1300 1071 fortibus

294 1123 400 1174 navem
436 1114 620 1186 censcendit,
652 1115 830 1187 existimans,
857 1117 940 1190 quod
973 1116 1093 1189 accidit,
1121 1117 1233 1175 facilius
1269 1124 1300 1176 se

295 1221 514 1297 imprudentem
551 1228 640 1296 parve
674 1226 763 1279 marui
797 1227 1006 1296 oppressurum
1041 1241 1131 1298 quam
1165 1230 1300 1298 paritum

295 1335 428 1402 quamvis
449 1332 556 1402 migne
578 1327 716 1384 exercitu.
761 1328 829 1384 Hec
850 1327 965 1386 deletus
986 1328 1017 1384 in
1038 1328 1182 1401 Ciliciam,
1202 1334 1300 1404 egres-

196 1448 198 1454 ·
228 1463 273 1493 ro
296 1453 344 1492 sus
381 1433 461 1505 inde,
490 1432 554 1491 dies
591 1437 755 1507 noctesque
787 1433 843 1491 iter
878 1433 989 1492 faciens
1023 1435 1153 1491 Taurum
1186 1435 1301 1493 trensiit

297 1546 393 1614 eeque
431 1545 491 1614 que
526 1538 677 1597 studuerat
711 1539 800 1596 venit.
857 1538 981 1612 Quaerit
1014 1539 1121 1613 quibus
1156 1540 1227 1598 locis
1263 1542 1301 1598 sit

295 1646 382 1720 Aspis
393 1667 402 1718 3
437 1645 590 1720 aegnescit
618 1643 696 1701 haud
726 1645 813 1718 longe
845 1645 948 1702 abesse
978 1645 1206 1720 profectumque
1236 1656 1300 1703 tum

295 1757 443 1810 venetum.
500 1752 598 1824 Quem
630 1749 701 1807 dum
732 1751 909 1824 speculatur,
937 1749 1082 1809 adventus
1113 1751 1176 1809 eius
1211 1769 1302 1810 causa

296 1859 491 1933 cegnescitur.
548 1856 659 1914 Pisidas
692 1863 828 1914 cumeis
858 1862 933 1929 ques
965 1861 1067 1914 secum
1100 1857 1229 1916 habebat
1262 1857 1301 1915 ad

247 1989 271 2035 ις
295 1963 490 2022 resistendum
520 1962 607 2036 Aspis
635 1972 797 2035 comparat.
854 1960 891 2019 Id
923 1963 1066 2020 Datames
1097 1963 1147 2020 ubi
1177 1962 1301 2036 audivit,

295 2088 376 2128 arma
404 2069 501 2141 sirmit,
530 2073 598 2127 sues
627 2074 711 2142 sequi
743 2067 825 2126 iubet
836 2088 844 2141 3
879 2068 944 2144 ipse
972 2073 1050 2144 eque
1078 2068 1229 2127 concitete
1262 2070 1301 2129 ad

296 2177 410 2234 hostem
437 2175 560 2233 vehitur.
614 2174 712 2247 Quem
739 2174 843 2248 procul
871 2174 957 2249 Aspis
985 2174 1172 2249 censpiciens
1200 2174 1239 2232 ad
1269 2182 1300 2234 se

296 2283 439 2339 ferentem
463 2280 646 2365 pertimescit
670 2289 759 2353 atque
783 2286 802 2337 a
826 2285 935 2338 cerritu
960 2280 1115 2339 resistendi
1141 2279 1301 2339 deterritus

295 2392 359 2446 sese
387 2386 511 2445 dedidit.
554 2383 645 2443 Hunc
674 2386 817 2443 Datames
841 2386 974 2444 vinctum
998 2385 1038 2444 ad
1062 2391 1163 2462 regem
1188 2386 1299 2445 dircen-

244 2520 273 2551 20
295 2494 366 2552 dum
388 2491 477 2550 tradit
498 2492 672 2550 Mithridati.

333 2600 371 2656 V.
397 2599 484 2655 Haec
525 2596 596 2655 dum
638 2608 787 2672 geruntur,
829 2599 1003 2655 Artaxerxes
1045 2577 1235 2655 reminiscens
1284 2604 1301 2655 e

295 2710 405 2779 quante
437 2704 514 2773 belle
545 2702 584 2760 ad
617 2721 706 2777 quarn
738 2720 859 2776 parvam
894 2721 956 2759 rem
988 2702 1153 2778 principem
1188 2702 1301 2761 ducum

295 2811 429 2882 misisset,
457 2814 489 2867 se
519 2810 583 2884 ipse
616 2807 808 2883 reprehendit
839 2818 869 2866 et
900 2808 1035 2866 nuntium
1066 2808 1105 2866 ad
1137 2810 1301 2867 exercitum

294 2920 378 2975 Acen
406 2916 492 2987 misit,
521 2914 603 2989 quod
630 2914 764 2973 nendum
794 2915 943 2971 Datamen
971 2914 1137 2988 profectum
1165 2915 1301 2989 putabat,

244 3050 270 3098 25
294 3030 345 3098 qui
372 3023 485 3080 diceret
512 3026 550 3079 ne
578 3020 616 3078 ab
644 3020 776 3077 exercitii
803 3018 980 3077 discederet.
1035 3021 1096 3077 Hie
1128 3020 1302 3095 priusquam

295 3134 461 3203 perveniret
491 3132 551 3200 que
586 3136 647 3184 erat
682 3125 842 3199 profectus,
871 3126 900 3182 in
934 3124 1039 3183 itinere
1073 3126 1222 3196 convenit,
1251 3134 1304 3200 qui

295 3234 397 3307 Aspim
425 3232 585 3290 ducebant.
643 3231 711 3304 Qua
734 3231 884 3289 celeritete
908 3231 989 3288 cum‘
1005 3236 1141 3306 megnam
1169 3232 1302 3289 benevo-

295 3340 417 3398 lentiam
448 3338 522 3413 regis
555 3323 695 3395 Datames
731 3341 908 3395 censecr'rtus
943 3347 1029 3408 esset,
1058 3342 1119 3395 nen
1152 3337 1302 3396 minerem

294 3444 436 3503 invidiam
457 3444 618 3501 aulicerum
641 3443 767 3517 excepit,
782 3442 863 3517 quod
884 3442 966 3499 illum
987 3446 1078 3501 uuum
1099 3442 1189 3517 plriris
1209 3461 1302 3519 quam

245 3584 273 3629 30
295 3558 327 3611 se
355 3556 459 3610 omnes
486 3550 549 3607 fieri
575 3548 725 3607 videbant.
768 3550 838 3622 Que
863 3549 942 3607 facte
967 3554 1066 3608 uincti
1089 3548 1127 3607 ad
1152 3567 1222 3607 eum
1247 3569 1302 3625 op·

296 3634 484 3735 primendum
509 3659 730 3713 censenserunt.
773 3656 860 3711 Haec
886 3655 1062 3727 Pandantes,
1083 3674 1172 3732 gazae
1200 3662 1304 3715 custes

296 3765 403 3847 regiae,
434 3769 545 3821 amicus
580 3762 709 3839 Datami,
741 3767 904 3850 perscripta
938 3768 966 3830 ei
1000 3762 1097 3834 mittit,
1127 3749 1158 3820 in
1192 3763 1304 3838 quibus
