2817 4250
243 309 288 373 94
536 303 707 354 connum
730 303 878 353 NEPOTIS
901 305 1009 353 viius
1241 306 1314 370 [m.

294 474 424 533 sormam
446 479 627 550 cognoscere
648 475 817 548 studEbant,
838 477 931 551 quilis
956 487 1034 535 esset
1053 495 1142 552 quem
1165 488 1227 536 tam
1253 478 1313 536 diii
1397 525 1398 528 ,

294 590 414 656 tamque
435 581 522 640 valde
546 581 721 653 timuissent,
743 582 825 641 ciiius
850 583 880 640 in
905 583 1037 659 pernicie
1061 585 1190 659 positam
1215 603 1312 659 spem

294 687 465 746 habuissent
485 687 634 746 victoriae.
677 690 716 745 At
738 690 898 761 Eumenes,
919 708 988 746 cum
1009 689 1118 749 difitius
1142 691 1173 747 in
1197 691 1313 748 vinclis

294 803 381 863 esset,
409 794 450 851 ait
477 793 679 864 Onomarcho,
708 812 801 868 penes
828 813 917 869 quem
945 813 1061 853 summa
1091 797 1208 871 imperii
1240 809 1313 855 erat
1397 779 1399 842 s

267 897 457 973 5custodiae,
472 904 504 956 se
528 904 626 956 miriri
650 905 709 974 qui
734 905 765 958 re
789 900 848 958 iam
873 902 992 958 tertium
1017 902 1097 960 diem
1119 909 1161 959 sic
1182 907 1311 960 tenere-

294 1014 359 1076 tur,
386 1009 449 1063 non
473 1005 554 1062 enim
578 1005 636 1065 hoc
657 1012 815 1064 convenire
836 1007 977 1082 Antigoni
997 1007 1181 1082 prudentiae,
1203 1019 1238 1066 ut
1264 1016 1313 1066 sic

293 1115 425 1168 iteretur
463 1110 581 1170 devicto
592 1131 601 1183 ;
638 1118 710 1186 quin
749 1121 799 1170 aut
835 1112 962 1170 interfici
995 1123 1045 1170 aut
1079 1121 1201 1172 missum
1238 1115 1313 1172 fieri

294 1217 418 1275 iuberet.
471 1219 531 1275 Hic
559 1235 629 1274 cum
656 1217 784 1276 ferocius
812 1218 1004 1277 Onomarcho
1032 1219 1113 1293 loqui
1140 1218 1309 1291 videretur,

295 1328 313 1354 “
325 1323 429 1397 Quid?
467 1325 544 1395 Τιῑ,”
573 1323 677 1398 inquit,
707 1323 836 1382 “animo
864 1331 888 1382 si
914 1325 971 1383 isto
999 1331 1071 1396 eris,
1100 1331 1153 1383 cir
1179 1331 1242 1384 non
1276 1327 1308 1382 in

246 1455 272 1485 ιο
294 1430 408 1504 proelio
449 1429 585 1488 cecidisti
625 1429 724 1504 potius
766 1447 855 1504 quam
896 1431 928 1488 in
967 1437 1147 1506 potestitem
1188 1431 1309 1488 inimici

293 1537 456 1594 venires?”
500 1536 581 1593 Huic
603 1537 753 1593 Eumenes
770 1535 922 1595 “Utinam
943 1535 1066 1610 quidem
1087 1535 1166 1594 istud
1185 1538 1306 1595 evenis-

295 1645 358 1699 set!
400 1640 459 1699 Sed
483 1647 522 1698 eo
549 1645 610 1699 non
640 1641 758 1713 accidit,
782 1641 864 1716 quod
890 1659 1050 1716 numquam
1081 1661 1149 1699 cum
1179 1643 1307 1702 fortiore

294 1765 359 1805 sum
386 1765 561 1822 congressus
571 1767 580 1818 3
612 1753 673 1806 non
700 1748 779 1805 euim
804 1766 873 1804 cum
897 1754 1049 1823 quoquam
1073 1767 1156 1806 arma
1178 1751 1305 1822 contuli,

293 1860 366 1928 quin
389 1854 415 1910 is
442 1853 514 1910 mihi
542 1854 759 1912 succubuerit.”
802 1853 909 1928 Neque
937 1854 968 1912 id
996 1864 1058 1913 erat
1086 1855 1190 1913 falsum
1201 1875 1210 1928 ;
1238 1860 1304 1913 non

245 1984 270 2031 ¹5
295 1959 375 2016 enim
395 1959 501 2017 virtiite
523 1959 662 2029 hostium,
678 1958 732 2016 sed
754 1963 916 2016 amicorum
938 1960 1063 2034 perfidia
1083 1959 1206 2018 decidit.
1229 2004 1236 2018 .
1262 2004 1270 2016 .
1297 2006 1304 2018 .

296 2066 374 2122 Nam
409 2074 440 2122 et
473 2064 616 2141 dignitate
651 2063 704 2121 suit
740 2064 864 2123 honesti
899 2075 929 2122 et
960 2065 1068 2125 viribus
1097 2064 1136 2123 ad
1166 2066 1304 2126 laborem

295 2171 450 2230 ferendum
475 2172 571 2230 sirmis
595 2189 692 2247 neque
717 2181 779 2230 tam
804 2178 912 2247 migno
936 2190 1063 2248 corpore
1090 2190 1179 2247 quam
1208 2173 1305 2249 figura}
1397 2184 1398 2257 J

294 2283 426 2336 venusti.

334 2384 406 2441 XII.
439 2384 489 2441 De
519 2382 579 2441 hoc
609 2384 774 2459 Antigonus
808 2401 877 2441 cum
909 2384 987 2443 stilus
1023 2384 1203 2443 constituere
1238 2391 1304 2443 non

244 2520 272 2552 20
295 2489 427 2560 auderet,
456 2488 495 2547 ad
522 2489 676 2548 consilium
705 2489 825 2548 rettulit.
883 2491 944 2547 Hic
972 2507 1040 2547 cum
1068 2495 1173 2548 omnes
1203 2496 1304 2565 piimo

294 2595 457 2671 perturbati
487 2595 701 2653 admirirentur
732 2600 794 2653 non
824 2595 882 2653 iam
915 2594 954 2653 de
984 2602 1022 2654 eo
1053 2601 1204 2671 sumptum
1236 2614 1303 2655 esse

294 2702 482 2777 supplicium,
503 2707 521 2759 i
545 2704 606 2775 quo
630 2710 675 2759 tot
699 2706 793 2759 annos
818 2700 895 2759 adeo
921 2712 1019 2760 essent
1044 2702 1120 2759 male
1145 2702 1247 2774 habiti,
1271 2714 1305 2761 ut

295 2826 384 2883 saepe
412 2806 452 2865 ad
479 2806 718 2882 desperitionem
746 2806 843 2865 forent
867 2806 998 2879 adducti,
1020 2813 1130 2882 quique
1156 2809 1303 2866 maximos

295 2914 386 2972 duces
410 2912 620 2985 interfecisset,
642 2912 771 2986 denique
796 2913 827 2969 in
851 2918 910 2987 quo
932 2918 992 2971 tino
1013 2923 1127 2970 tantum
1149 2924 1236 2985 essct,
1259 2926 1303 2985 ut,
1395 2946 1396 2959 κ

244 3049 270 3096 ²5
294 3019 394 3093 quoad
419 3019 467 3092 ille
491 3024 609 3089 viveret,
632 3019 687 3092 ipsi
708 3022 802 3075 securi
823 3035 887 3075 esse
909 3024 969 3076 non
990 3028 1120 3093 possent,
1143 3018 1304 3078 interfecto

295 3124 367 3182 nihil
394 3123 521 3182 habitiiri
547 3124 659 3199 negotii
689 3133 807 3195 essent;
842 3129 1002 3199 postremo,
1031 3124 1056 3182 si
1089 3124 1132 3182 illi
1161 3125 1304 3183 redderet

295 3230 429 3302 saliitem,
462 3229 643 3304 quaerebant
688 3229 795 3303 quibus
830 3236 931 3286 amicis
965 3239 1042 3287 esset
1075 3234 1198 3289 usurus:
1235 3236 1303 3289 sese

294 3338 374 3395 enim
398 3354 467 3393 cum
493 3336 628 3393 Eumene
652 3333 733 3410 apud
758 3352 826 3392 eum
848 3340 908 3393 non
929 3335 1052 3394 futuros.
1096 3336 1157 3393 Hic
1182 3337 1304 3411 cogniti

294 3442 408 3501 consilii
434 3441 584 3500 volunt'a'te
612 3450 714 3498 tamen
740 3458 833 3515 usque
861 3439 900 3498 ad
927 3441 1088 3516 septimum
1117 3440 1198 3500 diem
1228 3440 1302 3499 deli-

244 3582 272 3628 3⁰
294 3547 418 3609 beraudi
451 3547 507 3606 sibi
542 3547 669 3623 spatium
704 3546 830 3621 reliquit.
887 3548 965 3605 Tum
1000 3556 1108 3619 autem,
1138 3566 1207 3605 cum
1240 3547 1303 3605 iam

294 3658 443 3713 veriretur
465 3657 505 3711 ne
528 3670 589 3727 qua
612 3651 719 3711 seditio
744 3652 888 3710 exereitus
913 3656 1053 3725 oreretur,
1077 3654 1172 3713 vetuit
1195 3671 1302 3728 quem-

294 3780 383 3839 quam
411 3758 451 3819 ad
479 3776 549 3818 eum
580 3756 697 3821 admitti
727 3766 758 3824 et
789 3756 983 3827 cottidianum
1014 3764 1125 3826 victum
1157 3764 1304 3825 removeri
