2817 4250
519 333 689 383 CORNELII
713 331 863 382 NEPOTIS
887 329 994 377 VITAE
1214 329 1291 392 [vm.

279 509 340 562 nen
368 503 464 562 minus
492 520 581 578 qnam
609 501 795 577 diligebetur,
824 507 862 560 ne
891 500 1023 559 secunde
1053 502 1175 560 settene
1206 507 1290 576 meg·

280 616 383 684 nisque
411 608 518 684 opibus
545 608 638 666 eletus
667 607 854 683 tyrannidem
881 613 1116 682 concupisceret.
1170 607 1290 681 Quibus

281 715 368 774 rebus
396 715 506 773 sactum
534 723 579 772 est
606 723 639 771 nt
666 713 781 772 absenti
812 713 1014 788 magistretum
1045 714 1224 788 abroga‘rrent
1258 724 1290 771 et

281 820 370 878 alium
394 821 425 879 in
449 821 511 878 eius
536 821 634 878 locum
659 819 876 877 substituerent.

247 947 260 998 5
324 925 361 984 Id
385 926 432 984 ille
457 936 489 984 ut
513 925 632 997 audivit,
653 925 779 984 domum
803 932 907 982 reverti
933 926 1026 984 neluit
1051 935 1081 983 et
1101 930 1134 982 se
1156 926 1290 999 Pactyen

282 1032 407 1090 contulit
430 1033 530 1107 ibique
555 1032 611 1090 tria
634 1031 755 1089 castella
778 1032 964 1103 commemiit,
986 1032 1093 1101 Ornos,
1115 1031 1289 1101 Bisanthen,

283 1137 476 1208 Neontichos
506 1143 652 1212 mansique
684 1137 822 1196 conlecte
852 1144 963 1212 primus
994 1138 1127 1196 Graecae
1161 1137 1290 1194 civitetis

282 1244 313 1302 in
342 1244 517 1302 Thraeciam
552 1244 672 1316 introiit,
700 1243 856 1319 gleriesius
891 1243 1061 1301 existimeris
1094 1243 1289 1300 barbarerum

282 1349 394 1425 praede
417 1350 589 1425 locupleteri
612 1368 702 1425 quam
728 1349 893 1409 Greierum.
936 1349 1005 1423 Que
1032 1367 1070 1407 ex
1096 1354 1128 1407 re
1153 1353 1290 1408 creverat

235 1485 262 1516 ιο
283 1474 351 1514 cum
379 1457 462 1514 ieme
489 1466 552 1513 tum
578 1456 693 1531 opibus,
720 1463 917 1532 megnamque
944 1455 1117 1537 amicitiam¹
1132 1454 1189 1513 sihi
1216 1473 1289 1512 cnm

283 1562 461 1636 quibusdam
481 1563 598 1637 regibus
617 1562 781 1620 Thraeciae
802 1571 968 1637 pepererat.

323 1669 410 1727 VIII.
440 1669 546 1742 Neque
569 1680 668 1727 tamen
689 1674 708 1726 e
728 1668 849 1726 ceritete
873 1667 986 1742 patriae
1013 1667 1110 1742 potuit
1134 1665 1289 1726 iecedere.

283 1777 361 1833 Nam
389 1793 458 1831 cum
486 1773 565 1848 apud
595 1777 694 1849 Aegos
724 1774 834 1832 thimen
866 1773 1021 1846 Philocles,
1048 1784 1168 1848 praetor
1195 1773 1289 1832 Athe-

281 1880 436 1952 niensium,
457 1880 582 1938 classem
604 1879 804 1938 censtituisset
825 1898 908 1937 suam
933 1898 1031 1954 neque
1055 1879 1143 1955 longe
1169 1879 1291 1938 abesset

234 2009 259 2058 ¹5
284 1986 441 2060 Lysander,
459 1995 577 2061 praetor
599 1984 914 2057 Lacedaemonierum,
932 1991 983 2059 qui
1003 1985 1033 2043 in
1055 1990 1092 2044 ee
1113 1995 1175 2042 erat
1196 2003 1288 2042 occu-

283 2098 367 2167 petus
401 2102 434 2150 ut
466 2091 575 2149 bellum
610 2108 700 2166 quam
735 2090 899 2150 diutissime
934 2091 1067 2163 deceret,
1098 2089 1180 2166 quod
1215 2090 1289 2166 ipsis

283 2198 409 2273 pecunia
433 2204 451 2255 e
474 2202 543 2273 rege
572 2197 825 2273 suppeditabatur,
849 2203 954 2256 contre
979 2197 1209 2256 Atheniensibus
1237 2216 1289 2255 ex·
1331 2204 1334 2209 '

283 2304 392 2362 haustis
416 2313 534 2378 praeter
558 2322 640 2361 arma
660 2314 691 2362 et
712 2308 801 2361 neves
821 2303 894 2361 nihil
914 2313 978 2361 erat
998 2321 1096 2378 super,
1117 2302 1290 2362 Alcibiades

282 2408 321 2467 ad
346 2409 508 2467 exercitum
531 2409 612 2469 venit
635 2409 860 2468 Atheniensium
887 2409 988 2483 ibique
1015 2418 1171 2484 praesente
1198 2409 1289 2484 vulger

232 2542 261 2574 ιο
283 2533 369 2590 agere
396 2515 515 2590 coepit:
551 2522 575 2574 si
598 2515 716 2587 vellent,
738 2520 770 2573 se
794 2520 966 2573 coectr‘rrum
992 2514 1175 2590 Lysandrum
1200 2513 1288 2589 dimi-

283 2626 351 2679 cere
376 2630 425 2679 aut
449 2626 555 2695 pecem
583 2631 686 2696 petere
697 2642 706 2694 3
739 2621 994 2680 Lacedaemonies
1022 2626 1060 2679 ee
1087 2621 1165 2679 nelle
1193 2620 1289 2679 classe

241 2729 245 2739 '
283 2726 452 2802 cenfligere,
479 2726 562 2802 quod
594 2726 781 2802 pedestribus
813 2728 907 2803 cepiis
942 2727 1008 2801 ples
1041 2745 1131 2802 quam
1165 2727 1290 2786 nivibus

283 2833 413 2891 valerent
424 2853 433 2907 ;
465 2833 520 2892 sibi
544 2842 644 2891 autem
669 2852 733 2891 esse
758 2833 844 2891 facile
870 2833 1021 2905 Seuthem,
1047 2837 1148 2908 regem
1175 2831 1287 2890 Thrae-

284 2958 362 3011 cum,
383 2939 533 2998 addecere
555 2949 587 2998 ut
608 2958 677 2997 eum
698 2945 774 2998 terre
794 2939 959 3015 depelleret
969 2959 978 3011 ;
1003 2944 1063 3013 que
1084 2926 1163 2997 facte
1183 2956 1289 2997 neces-

234 3075 259 3121 ²5
284 3045 360 3103 serie
387 3055 438 3104 aut
465 3046 557 3103 classe
588 3044 794 3104 cenilictr’rrum
826 3055 877 3103 aut
904 3045 1014 3105 bellum
1042 3044 1288 3119 compositrimm.

285 3152 321 3210 Id
363 3158 418 3210 etsi
455 3156 522 3209 vere
557 3151 670 3210 dictum
707 3151 853 3210 Philocles
887 3150 1151 3222 animadvertebat,
1187 3160 1290 3208 tamen

284 3258 432 3332 postulata
471 3257 569 3315 facere
610 3257 713 3328 neluit,
755 3257 837 3331 quod
878 3257 1024 3316 sentiebat
1064 3261 1096 3314 se
1134 3255 1290 3315 Alcibiade

285 3367 407 3438 recepte
434 3362 538 3421 nirllius
566 3367 711 3420 metuenti
737 3362 817 3437 apud
846 3362 1009 3421 exercitum
1037 3362 1165 3419 luterum
1197 3372 1237 3433 et,
1265 3368 1290 3419 si

283 3468 357 3543 quid
390 3468 514 3527 secundi
547 3468 701 3538 evenisset,
731 3468 840 3527 millam
874 3469 905 3526 in
940 3474 977 3526 ee
1004 3472 1035 3526 re
1063 3486 1145 3526 suam
1173 3477 1290 3542 partem

233 3605 262 3651 30
284 3574 356 3646 iore,
377 3579 482 3633 contre
506 3592 550 3645 ea,
572 3580 596 3633 si
619 3574 692 3649 quid
719 3574 836 3633 adversi
863 3574 1029 3645 accidisset,
1051 3579 1083 3633 se
1107 3579 1198 3633 imum
1227 3574 1290 3632 eius
1388 3635 1389 3646 ,

284 3680 384 3739 delicti
418 3679 546 3738 luterum
587 3697 679 3738 reum.
734 3680 782 3738 Ab
822 3680 880 3739 hec
921 3679 1080 3739 discedens
1120 3678 1289 3739 Alcibiades
1387 3681 1388 3684 ’

285 3785 492 3861 “Quoniam'’
508 3785 612 3860 inquit,
627 3786 796 3845 “victeriae
821 3787 933 3862 patriae
959 3791 1114 3862 repirgnssas,
1127 3785 1201 3844 illud
1226 3805 1288 3845 mn
