2817 4250
122 310 267 379 inum]
586 308 732 358 amcos
1123 316 1180 378 133

123 483 247 542 locerat.
291 483 380 539 Hanc
402 481 511 540 Caesar
531 482 579 538 vix
599 480 765 539 anniculam
786 481 832 540 Ti.
855 479 982 540 claudio
1008 482 1130 553 Nereni,

124 589 255 647 Dnisille
281 593 362 659 nete,
390 592 522 663 privigne
551 592 614 658 sue,
643 586 803 661 despondit
814 609 822 659 3
856 605 932 662 quae
960 587 1130 646 coniiinctie

123 693 377 752 necessitudinem
407 695 508 751 eorum
537 693 640 764 siuxit,
663 692 891 752 familiaritatem
918 692 1050 752 reddidit
1074 693 1130 752 fre·

123 799 325 874 quentierem.

165 907 233 963 XX.
262 905 451 980 Quamquam
476 914 545 962 ante
569 904 644 962 haec
669 905 816 980 spensalia
843 910 904 964 nen
932 905 1037 978 selum,
1062 924 1130 964 cum
1156 929 1165 974 ς

124 1013 164 1070 ab
187 1012 262 1070 urbe
286 1012 412 1083 abesset,
433 1028 596 1085 numquam
617 1009 656 1068 ad
677 1015 798 1069 suorum
819 1028 999 1086 quemquam
1021 1012 1131 1070 litteris

124 1117 216 1189 misit,
245 1123 317 1192 quin
344 1117 446 1178 Attice.
471 1116 611 1175 scriberet
649 1116 722 1191 quid
750 1128 860 1194 ageret,
888 1118 1030 1194 imprimis
1058 1118 1131 1192 quid

125 1223 240 1299 legeret
268 1223 433 1297 quibusque
461 1222 492 1280 in
519 1223 591 1280 locis
613 1233 643 1280 et
667 1240 755 1296 quarn
781 1223 833 1280 diu
857 1232 933 1280 esset
959 1227 1131 1293 moretirus,

125 1329 183 1388 sed
211 1330 311 1401 etiarn,
339 1347 407 1386 cum
435 1337 513 1386 esset
541 1328 573 1386 in
599 1328 671 1386 urbe
700 1338 730 1386 et
757 1337 879 1403 propter
905 1329 1038 1386 infinitas
1065 1335 1131 1386 suris

126 1435 342 1510 occupetienes
369 1434 465 1492 minus
493 1451 582 1508 saepe
616 1452 706 1509 quarn
733 1434 821 1492 vellet
852 1433 951 1492 Attico
979 1433 1130 1506 frueretur,
1157 1461 1182 1491 ιο

126 1540 223 1599 nullus
248 1540 312 1598 dies
337 1544 449 1598 temere
474 1540 639 1598 intercessit
663 1544 723 1614 que
747 1544 809 1597 nen
830 1538 870 1598 ad
891 1557 959 1598 eum
981 1540 1131 1612 scriberet,

127 1665 198 1704 cum
223 1646 316 1705 modo
340 1645 452 1721 aliquid
476 1646 515 1704 de
537 1646 710 1720 antiquitate
731 1646 770 1704 ab
791 1651 827 1704 ee
848 1652 1018 1721 requireret,
1040 1645 1132 1705 modo

126 1753 257 1828 aliquam
292 1753 496 1827 quaestienem
528 1751 677 1828 poeticam
709 1758 737 1810 ei
767 1757 956 1827 prepeneret,
984 1753 1133 1811 interdum

127 1859 230 1917 iocens
251 1859 314 1916 eius
334 1858 519 1940 verbesieres
540 1858 660 1916 eliceret
681 1858 828 1932 epistulis.
872 1860 918 1915 Ex
938 1863 997 1932 quo
1015 1858 1132 1929 accidit,

127 1984 198 2022 cum
226 1964 309 2023 aedis
338 1964 418 2022 Iovis
446 1964 569 2022 Feretrii
596 1964 626 2021 in
654 1964 813 2038 Capitelie,
838 1964 876 2022 ab
904 1964 1033 2022 Remulo
1062 1969 1132 2022 cen·
1158 1985 1182 2034 15

127 2071 240 2143 stitita,
266 2075 414 2129 vetustite
448 2080 537 2145 atque
569 2069 680 2128 incfirie
712 2068 832 2128 detecta
862 2070 1073 2145 proleberetur,
1101 2080 1133 2130 ut

127 2178 221 2235 Attici
243 2176 399 2235 admonitii
423 2176 533 2235 Caesar
557 2195 623 2233 eam
646 2175 838 2234 reficiendam
860 2181 983 2235 cureret.
1026 2178 1132 2251 Neque

127 2288 200 2342 vere
225 2288 243 2340 e
267 2283 311 2341 M.
336 2282 467 2340 Antonii>
491 2282 588 2339 minus
613 2282 719 2340 absens
744 2282 846 2340 litteris
870 2283 1031 2354 colebt‘ttur,
1056 2282 1133 2341 adef)

127 2398 162 2446 ut
189 2392 327 2446 accurate
355 2387 403 2445 ille
431 2406 468 2445 ex
495 2387 604 2445 ultimis
632 2393 715 2445 terris
743 2386 815 2462 quid
840 2398 941 2462 ageret
966 2393 1053 2445 curae
1078 2389 1133 2447 sibi

127 2494 254 2554 haberet
275 2494 432 2552 certierem
453 2493 550 2551 facere
575 2493 715 2551 Atticum.
759 2494 829 2551 Hec
851 2494 936 2567 quaele
958 2494 1003 2564 sit,
1022 2494 1134 2552 facilius
1156 2518 1185 2549 ιο

128 2600 308 2659 εκῐεῑίηιᾶῦἱῐ
334 2600 359 2657 is
386 2605 437 2673 qui
464 2598 593 2657 iudicare
622 2599 732 2673 poterit
760 2609 887 2673 quantae
912 2600 949 2657 sit
973 2599 1133 2673 sapientiae

127 2712 234 2765 cerum
261 2706 387 2764 retinere
415 2710 499 2763 risum
528 2705 834 2779 benevolentiamque,
863 2704 939 2762 inter
967 2710 1041 2779 ques
1072 2712 1133 2763 me-

127 2813 274 2871 ximerum
312 2816 411 2869 rerum
444 2816 506 2869 nen
543 2810 639 2868 selum
673 2810 841 2879 aemuletie,
870 2810 923 2868 sed
958 2811 1134 2869 obtrectetie

128 2928 212 2976 tanta
235 2916 449 2988 intercedebat,
475 2925 617 2991 quantam
642 2916 696 2973 fuit
720 2934 843 2973 necesse
871 2915 947 2973 inter
974 2916 1134 2975 Caesarem

128 3034 219 3098 atque
247 3022 419 3093 Antenium,
445 3040 514 3079 cum
542 3026 573 3080 se
601 3031 725 3096 uterque
754 3022 921 3096 principem
950 3026 1011 3078 nen
1039 3006 1135 3079 selum
1157 3048 1183 3095 25

127 3129 210 3188 urbis
231 3129 358 3200 Remae,
376 3128 433 3186 sed
455 3127 534 3186 orbis
555 3133 697 3185 terrerum
719 3145 784 3185 esse
805 3136 936 3201 cuperet.

168 3236 253 3293 XXI.
281 3234 348 3291 Teli
378 3233 470 3291 mode
505 3251 573 3290 cum
608 3243 724 3307 septem
758 3243 789 3290 et
824 3233 1007 3309 septuaginta
1041 3238 1135 3291 annes

128 3342 311 3416 complesset
342 3350 430 3414 atque
461 3339 501 3397 ad
532 3343 695 3397 extremam
726 3344 911 3398 senectutem
943 3345 1003 3397 nen
1038 3340 1134 3397 minus

129 3447 273 3523 dignitete
295 3464 384 3520 quarn
409 3446 501 3520 gratie
523 3446 702 3519 seminaque
726 3445 1030 3503 crevisset-multis
1055 3446 1135 3503 enirn

128 3553 310 3611 hereditetes
341 3551 422 3609 mille
452 3552 508 3609 alie
538 3556 571 3609 re
600 3569 690 3625 quam
722 3552 853 3610 bonitate
883 3555 1061 3610 consecutus
1091 3560 1135 3609 est
1157 3578 1185 3623 30

128 3664 322 3734 -tanteque
349 3658 544 3733 presperitate
573 3663 641 3715 risus
669 3668 747 3715 esset
778 3656 963 3728 valetirdinis,
988 3668 1021 3714 ut
1052 3663 1134 3713 annis

129 3766 248 3841 triginti
283 3763 432 3822 medicine
464 3768 526 3821 nen
561 3763 742 3838 indiguisset,
771 3773 874 3821 nactus
910 3772 954 3819 est
989 3761 1133 3830 morbum,
