2817 4250
128 307 183 354 l11.,
197 295 248 359 1v.]
590 294 749 344 PHOCION
1148 301 1192 369 97

127 474 196 526 non
219 469 315 526 solum
343 469 374 526 in
398 470 537 545 periculis
560 475 622 528 non
646 469 791 542 dolendit,
813 471 977 529 sedetiam
999 470 1139 546 prodidit.

128 573 276 634 Concidit
303 584 403 634 autem
431 576 561 634 moximo
588 581 648 634 ono
677 577 811 648 crimine,
839 576 930 652 quod,
959 595 1028 634 curn
1060 577 1140 653 apud

128 699 202 739 eum
223 699 371 739 summum
392 691 471 740 esset
492 681 649 756 imperium
670 682 773 757 populi
797 683 876 741 iosso
897 691 927 741 et
949 683 1138 754 Niconorem,

128 786 293 847 Cassandri
320 787 514 863 praesectum,
542 787 672 846 insidiori
701 790 804 846 Piraeo
832 794 850 846 a
877 775 1007 864 Dercylo
1038 793 1138 847 mono-

128 899 213 951 rotur
239 892 380 967 idemque
408 893 571 969 postuloret
595 902 628 950 ut
656 893 826 968 providoret
859 898 897 952 ne
926 895 1151 953 commeotibus,
1163 919 1173 966 5

128 999 235 1057 civitas
259 1004 431 1074 privorotur,
456 999 525 1057 huic
553 998 693 1058 audiente
721 1001 833 1075 populo
862 1000 996 1060 Phocion
1023 1001 1140 1076 negovit

128 1123 197 1162 esse
222 1105 385 1180 periculum
410 1109 501 1180 soque
526 1105 590 1164 oius
610 1112 653 1164 rei
673 1105 810 1165 obsidem
832 1107 895 1165 fore
916 1106 1063 1182 pollicitus
1084 1115 1138 1165 est.
1175 1119 1177 1124 '

128 1211 242 1285 Neque
269 1211 311 1269 ita
339 1211 433 1268 multo
461 1220 541 1286 post·
558 1212 691 1269 Niconor
718 1213 821 1270 Piraeo
850 1221 895 1272 est
921 1219 1041 1288 potitus.
1090 1211 1138 1270 Ad

128 1335 222 1392 quem
250 1310 486 1393 recuperandum
514 1336 584 1375 cum
613 1319 741 1394 populus
773 1325 901 1378 armatus
932 1319 1137 1392 concurrisset,

128 1422 179 1480 ille
204 1428 265 1480 non
291 1421 383 1481 modo
407 1423 558 1482 nominem
580 1423 620 1482 ad
639 1443 722 1482 arma
741 1425 866 1499 voca'tvit,
888 1424 942 1484 sed
962 1430 1000 1483 no
1021 1431 1138 1484 armatis
1162 1453 1189 1485 10

127 1527 254 1604 quidem
274 1546 411 1604 praeesse
430 1528 532 1588 voluit.

172 1636 232 1693 III.
261 1636 355 1693 Erant
376 1641 414 1693 eo
434 1645 569 1711 tempore
590 1636 713 1695 Athonis
739 1637 816 1696 duae
838 1637 993 1709 sactionos,
1014 1643 1137 1711 quorum

127 1747 189 1800 ona
206 1741 309 1817 populi
326 1759 446 1800 causam
463 1742 580 1817 agobat,
595 1743 687 1800 altera
706 1743 902 1818 optimatium.
945 1745 981 1801 In
1000 1743 1055 1802 hoc
1074 1754 1137 1804 erat

129 1831 267 1905 Phocion
289 1856 320 1905 et
345 1847 515 1929 Demotrius
538 1848 704 1907 Phalereus.
748 1851 864 1907 Harum
889 1859 1012 1926 utraque
1035 1855 1135 1911 Mace-

129 1952 244 2011 donum
265 1953 437 2028 patrociniis
457 1953 613 2026 otobotu13
639 1973 709 2011 narn
730 1956 888 2031 populoros
909 1957 1137 2033 Polyperchonti
1161 1980 1185 2027 ις

128 2058 278 2132 savobant‚
306 2059 465 2134 optimotos
493 2077 562 2116 cum
590 2059 758 2119 Cassandro
787 2062 963 2121 sentiobant.
1013 2065 1136 2123 Interim

127 2171 148 2224 ῖι
172 2166 409 2242 Polyperchonte
432 2165 614 2226 Cassandrus
640 2168 820 2228 Macedonio
844 2170 944 2245 pulsus
970 2182 1025 2231 est.
1068 2173 1136 2247 Quo

127 2272 210 2330 facto
244 2273 371 2347 populus
402 2273 536 2349 superior
567 2274 661 2331 lactus
692 2275 792 2333 statim
827 2273 919 2335 ducos
954 2276 1135 2338 adversariae

128 2376 267 2437 factionis
291 2377 397 2453 capitis
421 2378 579 2437 damnatos
605 2381 701 2455 patrio
724 2381 863 2456 propulit,
888 2382 918 2439 in
943 2389 984 2440 eis
1010 2383 1135 2443 Phocio-

127 2500 200 2541 nem
227 2493 258 2542 et
286 2484 473 2543 Domotrium
502 2484 685 2557 Phalereum,
711 2485 809 2560 doque
837 2493 873 2544 eo
899 2492 931 2545 re
959 2487 1069 2563 logatos
1097 2491 1136 2548 ad
1158 2513 1187 2545 πο

128 2588 398 2665 Polyperchontem
419 2591 506 2662 misit,
529 2597 580 2664 qui
599 2592 639 2650 ab
659 2596 697 2650 eo
722 2602 858 2667 peterent
882 2602 914 2651 ut
939 2612 992 2651 sua
1015 2593 1137 2655 docrota

127 2695 335 2754 confirmoret.
385 2697 456 2754 Hoc
484 2696 593 2755 eodem
622 2697 772 2772 proiectus
801 2708 845 2756 est
874 2698 1015 2758 Phocion.
1067 2700 1136 2774 Quo

127 2809 160 2857 ut
187 2800 278 2872 vonit,
300 2818 419 2860 causam
447 2802 529 2877 apud
558 2802 728 2879 Philippum
757 2808 857 2879 rogem
874 2804 986 2879 verbo,
1011 2810 1043 2865 ro
1070 2806 1136 2882 ipsa

126 2905 251 2981 quidem
273 2906 352 2982 apud
377 2907 646 2983 Polyperchontem
669 2910 764 2968 iussus
790 2918 834 2968 est
858 2910 978 2984 dicere3
1006 2930 1135 2987 namque

127 3013 152 3071 is
177 3023 241 3070 tum
262 3012 338 3087 rogis
358 3013 446 3072 robus
466 3024 610 3089 praeerat.
654 3015 716 3072 Hie
746 3015 785 3074 ab
814 3018 939 3091 Agnone
972 3022 1134 3091 accusatus,
1159 3044 1184 3091 ²5

126 3117 210 3193 quod
240 3119 375 3176 Piraeum
404 3120 545 3177 Niconori
573 3119 762 3196 prodidisset,
784 3138 821 3178 ex
848 3120 962 3178 consilii
989 3122 1136 3181 sententia

125 3227 157 3282 in
182 3224 350 3283 custodiam
375 3225 528 3283 coniectus
552 3225 684 3284 Athonis
713 3225 860 3284 doductus
888 3236 942 3299 est,
967 3236 1000 3285 ut
1027 3228 1068 3286 ibi
1096 3227 1135 3286 de

126 3336 164 3389 eo
186 3331 300 3407 legibus
320 3332 405 3391 fieret
426 3331 579 3391 iodicium.

169 3438 221 3496 IV.
251 3439 322 3497 Hoc
342 3448 374 3496 ut
395 3449 570 3514 perventum
592 3449 646 3510 est,
666 3457 735 3496 curn
757 3448 880 3515 propter
900 3444 1027 3498 aeta'tem
1050 3439 1133 3514 pedi·

126 3542 182 3601 bus
206 3543 266 3602 iam
290 3549 351 3602 non
375 3544 487 3603 valoret
511 3544 708 3619 vehiculoque
736 3549 910 3621 portorotur,
937 3551 1034 3620 mogni
1062 3564 1132 3603 con·
1156 3572 1184 3618 30

124 3653 229 3706 cursos
253 3657 321 3707 sunt
349 3650 427 3721 sacti,
452 3668 521 3708 cum
550 3650 607 3722 alii,
635 3650 859 3709 reminiscentos
886 3651 993 3709 veteris
1022 3650 1133 3723 simae,

124 3753 232 3816 aetotis
253 3754 471 3835 misererentur,
486 3755 603 3838 plorimi
623 3760 694 3823 voro
715 3762 758 3823 iro,
779 3766 991 3821 exacuerentur
1012 3766 1134 3840 propter
