2817 4250
266 322 305 382 82
555 331 725 381 connexu
749 331 897 382 NEPOTIS
920 332 1028 381 VITAE
1263 333 1307 396 [ιν.

313 510 407 562 visum
429 505 530 580 cepiais
551 503 703 562 extrahere
726 523 762 562 ex
783 504 983 576 hibemeculis,
1005 504 1086 576 vidit,
1108 512 1140 579 si,
1157 511 1217 580 que
1241 518 1310 564 esset

313 610 369 669 iter
396 611 530 683 factiuns,
551 612 649 686 palam
676 611 906 687 prenuntiesset,
935 611 1035 669 hostes
1062 616 1123 669 non
1154 611 1310 670 creditrires

313 715 442 791 aliisque
464 717 598 791 regienes
620 715 771 791 praesidiis
797 722 991 791 occupetirres
1015 734 1113 791 neque
1135 717 1310 777 dubitaturos

313 821 391 879 aliud
420 840 489 880 eum
517 823 660 881 factiuum
688 841 723 879 ac
754 822 979 898 pronuntlisset.
1035 824 1140 898 Itaque
1171 842 1240 880 eum
1269 825 1311 882 ille

278 950 288 996 5
313 928 411 986 Sardis
441 929 548 986 iturum
580 933 612 986 se
644 928 773 1000 dixisset,
801 927 1012 1001 Tissaphernes
1042 929 1169 988 eandem
1201 929 1311 988 Ceriam

313 1033 534 1093 defendendam
559 1035 681 1109 putevit.
724 1036 760 1091 In
781 1039 841 1108 que
863 1053 931 1092 cum
954 1053 1021 1092 eum
1045 1035 1146 1110 opinio
1169 1035 1314 1094 fefellisset

312 1147 481 1215 victumque
499 1146 531 1198 se
549 1139 671 1198 vidisset
688 1140 823 1213 censilie,
839 1145 905 1198 sere
924 1147 982 1198 suis
1003 1141 1150 1216 praesidis)
1168 1142 1313 1216 profectus

314 1258 358 1305 est
368 1268 377 1320 3
412 1265 481 1304 nam
509 1266 577 1304 eum
605 1247 655 1306 illo
683 1249 820 1318 venisset,
849 1247 907 1304 iam
935 1247 1085 1322 Agesilaus
1114 1248 1211 1305 multis
1246 1248 1313 1306 locis

313 1359 485 1429 expirgnetis
506 1360 613 1430 migne
633 1363 696 1411 erat
720 1353 832 1428 praede
856 1360 975 1428 potitus.
1019 1354 1098 1411 Lace
1124 1364 1224 1411 autem
1249 1372 1314 1410 cum

265 1481 291 1513 ιο
313 1459 426 1518 videret
451 1460 549 1518 hostes
574 1460 706 1534 equitetir
731 1466 876 1534 superem,
899 1478 1060 1534 numquam
1086 1459 1116 1517 in
1140 1465 1249 1536 campe
1274 1467 1314 1517 sui

313 1566 388 1624 fecit
409 1572 586 1641 potestetem
608 1576 638 1623 et
651 1572 693 1624 eis
714 1565 785 1623 loeis
808 1583 926 1623 manum
948 1565 1106 1635 censeruit,
1125 1565 1231 1641 quibus
1253 1566 1314 1641 plus

313 1670 466 1747 pedestres
491 1671 596 1746 copiae
624 1672 763 1728 valerent.
807 1671 921 1745 Pepulit
950 1677 1030 1746 erge,
1051 1671 1314 1746 quotienscumque

312 1796 486 1853 congressus
521 1787 575 1849 est,
607 1777 699 1834 multe
732 1776 857 1834 meieres
890 1774 1121 1834 adversariorum
1154 1777 1255 1851 cepia's
1286 1788 1315 1834 et

312 1890 353 1942 sic
389 1884 419 1940 in
454 1883 524 1942 Asie
558 1888 687 1940 versetus
724 1892 777 1954 est,
814 1892 845 1939 ut
879 1883 1012 1940 omnium
1048 1883 1187 1958 opiniene
1223 1889 1315 1940 victor

265 1989 477 2060 15dirceretur.

353 2097 405 2155 IV.
435 2096 495 2154 Hic
533 2113 601 2152 cum
639 2095 699 2152 iam
735 2095 834 2154 anime
872 2094 1062 2153 mediteretur
1099 2095 1249 2171 proficisci
1287 2096 1315 2153 in

313 2204 413 2260 Persis
442 2212 472 2259 et
500 2202 597 2277 ipsum
629 2206 730 2276 regem
761 2200 877 2272 adoriri,
906 2202 1023 2259 mintius
1056 2208 1083 2259 ei
1114 2201 1206 2261 dome
1236 2203 1316 2260 venit

312 2307 490 2384 ephororum
513 2313 611 2380 missu,
628 2308 738 2365 bellum
760 2306 953 2365 Athenienses
975 2316 1004 2365 et
1026 2309 1155 2366 Boeetes
1176 2308 1315 2367 indixisse

314 2413 574 2472 Lacedaemoniis:
604 2419 663 2488 que
684 2416 716 2471 re
739 2419 838 2470 venire
860 2417 898 2470 ne
920 2411 1077 2471 dubiteret.
1120 2416 1156 2471 In
1175 2414 1234 2472 hec
1256 2420 1317 2472 nen

262 2550 290 2581 20
312 2521 408 2578 minus
435 2521 498 2579 eius
528 2520 622 2595 pietes
654 2517 841 2594 suspicienda
873 2529 917 2577 est
948 2537 1037 2594 quam
1068 2520 1158 2578 virttis
1191 2520 1317 2593 bellica;

312 2632 455 2701 quicum
479 2630 582 2683 victeri
606 2634 756 2700 praeesset
780 2625 920 2683 exercitui
947 2625 1164 2701 meximamque
1193 2626 1317 2685 haberet

312 2731 457 2791 fidirciam
491 2737 573 2806 regni
600 2733 753 2788 Persairum
781 2730 926 2806 potiundi,
948 2737 1029 2789 tante
1060 2730 1206 2790 modestie
1234 2732 1319 2791 dicte

311 2838 435 2897 audiens
456 2837 509 2894 fuit
533 2837 617 2894 iessis
641 2836 807 2895 absentium
833 2837 1063 2912 magistretuum
1085 2847 1118 2895 ut
1142 2844 1166 2895 si
1187 2844 1319 2913 privetus

311 2945 341 3001 in
370 2943 492 3002 comitie
520 2952 598 3000 esset
625 2943 756 3016 Spartae.
803 2942 893 3001 Cuius
924 2942 1092 3017 exemplum
1120 2943 1233 3001 utinam
1266 2946 1319 3001 im-

261 3079 287 3125 25
311 3054 462 3125 peteteres
489 3055 581 3106 nostri
612 3054 695 3122 sequi
726 3048 905 3106 voluissent!
961 3047 1020 3106 Sed
1051 3048 1119 3107 illirc
1152 3050 1319 3108 redeemus.

311 3155 463 3230 Agesilaus
491 3154 715 3229 opulentissime
747 3159 838 3229 regne
871 3154 1041 3229 praeposuit
1073 3156 1182 3213 bonam
1219 3158 1320 3215 existi-

312 3261 473 3319 metienem
501 3261 654 3334 multeque
682 3260 836 3335 gleriesius
864 3259 956 3331 duxit,
985 3267 1010 3317 si
1036 3261 1173 3319 institritis
1205 3264 1321 3336 patriae

311 3367 463 3443 primisset,
491 3384 579 3441 quam
608 3373 633 3425 si
658 3366 737 3425 belle
769 3372 935 3441 superesset
965 3366 1074 3424 Asiam.
1131 3367 1200 3425 Hec
1232 3369 1323 3444 igitur

311 3482 411 3531 mente
448 3473 678 3548 Hellespontum
715 3470 816 3547 cepies
852 3472 966 3529 treiecit
1001 3478 1140 3547 tantique
1171 3478 1242 3531 risus
1278 3484 1322 3532 est

261 3612 289 3659 30
311 3580 471 3651 eeleritete,
493 3589 534 3650 ut,
557 3577 637 3654 quod
660 3578 715 3636 iter
736 3579 848 3636 Xerxes
869 3582 948 3635 anne
973 3588 1107 3636 vertente
1131 3578 1322 3649 cenfecerat,

311 3688 360 3745 hic
388 3684 533 3744 trensierit
561 3684 679 3759 triginti
706 3683 819 3741 diebus.
863 3684 938 3742 Com
968 3684 1026 3741 iam
1054 3683 1134 3742 haud
1162 3685 1205 3743 ita
1228 3686 1323 3762 longe

311 3794 427 3853 abesset
454 3797 473 3853 e
499 3790 717 3869 Peloponneso,
746 3790 888 3851 obsistere
916 3796 945 3849 ei
972 3794 1072 3850 cenati
1099 3802 1167 3850 sunt
1195 3792 1322 3853 Atheni·
