2817 4250
628 771 712 829 xix.
747 755 948 830 Puecreu.

329 959 354 1015 I.
385 958 519 1016 Phecien
547 958 734 1016 Atheniensis
763 964 818 1015 etsi
842 975 931 1033 saepe
959 955 1136 1014 exercitibus
1166 956 1292 1032 praefuit

289 1069 479 1139 summesque
507 1064 692 1140 magistretiis
725 1063 813 1138 cepit,
843 1045 943 1121 tamen
974 1064 1067 1120 multe
1099 1062 1162 1120 eius
1193 1063 1292 1121 netior

290 1180 334 1228 est
354 1171 504 1245 integrites
524 1177 600 1228 vitae
622 1188 712 1245 quam
732 1175 774 1228 rei
796 1169 925 1227 militeris
946 1168 1038 1227 labor.
1081 1168 1185 1242 Itaque
1206 1167 1291 1226 hirius

289 1276 433 1334 memoria
467 1286 511 1334 est
541 1276 629 1346 milla,
657 1275 732 1333 illius
764 1285 864 1332 autem
899 1280 1005 1350 megna
1038 1273 1132 1345 firma,
1160 1292 1197 1330 ex
1232 1279 1292 1348 que

253 1401 264 1448 ς
288 1382 467 1457 cegnemine
499 1383 598 1440 Bonus
629 1390 674 1440 est
706 1381 880 1457 appelletus.
936 1379 1003 1438 Fuit
1034 1379 1114 1437 enim
1145 1385 1291 1455 perpetue

289 1505 410 1563 pauper,
439 1505 507 1544 cum
535 1487 724 1545 divitissimus
753 1505 816 1545 esse
845 1495 946 1562 posset
974 1495 1095 1560 propter
1123 1485 1292 1560 frequentes

289 1591 404 1651 deletes
427 1593 555 1650 honeres
580 1598 801 1668 potestetesque
827 1597 963 1663 summes,
986 1609 1062 1666 quae
1088 1597 1115 1648 ei
1139 1597 1157 1648 e
1179 1591 1291 1665 popule

289 1697 443 1756 dabantur.
500 1699 560 1755 Hic
592 1717 661 1756 cum
692 1703 711 1755 e
740 1702 809 1773 rege
842 1697 979 1770 Philippo
1011 1701 1133 1754 munera
1167 1702 1291 1772 megnae

289 1805 433 1880 pecuniae
457 1803 627 1878 repudieret
651 1805 798 1879 legatique
823 1803 1009 1860 horterentur
1032 1802 1168 1876 accipere
1193 1802 1291 1860 simul·

239 1937 267 1969 ιο
289 1928 353 1984 que.
376 1909 579 1980 admonerent,
602 1917 625 1967 si
652 1910 717 1984 ipse
736 1916 778 1968 eis
806 1909 892 1966 facile
920 1913 1043 1980 careret,
1065 1908 1164 1968 liberis
1191 1917 1292 1966 tamen

289 2023 347 2074 suis
368 2017 560 2091 prespiceret‚
575 2017 681 2090 quibus
703 2015 823 2074 difficile
846 2024 923 2074 esset
939 2015 970 2071 in
988 2020 1103 2072 summe
1118 2020 1292 2090 paupertete

289 2133 401 2181 tantam
428 2133 582 2197 paternam
611 2128 685 2181 tueri
714 2122 845 2198 gleriam
867 2129 907 2181 eis
935 2121 983 2180 ille
1011 2121 1068 2181 “Si
1096 2128 1155 2180 mei
1182 2121 1293 2181 similes

289 2239 383 2300 erunt,
407 2229 488 2287 idem
515 2229 592 2300 hic,''
617 2229 722 2303 inquit,
749 2228 888 2304 “agellus
912 2228 978 2286 illes
1005 2228 1064 2286 alet
1098 2234 1149 2302 qui
1177 2232 1226 2285 me
1252 2227 1292 2285 ad

288 2334 365 2392 hanc
387 2333 559 2409 dignitetem
581 2334 737 2409 perdrixit3
766 2341 809 2392 sin
831 2333 987 2399 dissimiles
1012 2343 1079 2391 sunt
1101 2333 1200 2406 subiri,
1220 2334 1292 2392 nerle

240 2467 264 2514 ις
289 2448 362 2498 meis
382 2442 523 2516 impensis
544 2440 660 2499 illerum
682 2441 719 2497 ali
740 2445 898 2516 augerique
920 2440 1093 2497 liixuriam.’'

331 2548 369 2605 II.
400 2534 487 2606 idem
508 2565 577 2605 cum
598 2565 692 2623 prope
714 2547 753 2604 ad
774 2565 884 2605 annum
909 2546 1124 2622 octogesimum
1150 2552 1290 2622 presperiq'

288 2654 469 2728 pervenisset
511 2653 641 2723 fortuna,
678 2657 816 2737 extremis
858 2653 1041 2728 temporibus
1081 2658 1222 2728 megnum
1262 2653 1294 2711 iu

288 2759 391 2819 odium
412 2760 546 2835 pervenit
567 2764 685 2817 suerum
707 2758 823 2830 civium,
845 2763 941 2834 prime
961 2757 1044 2833 quod
1065 2777 1134 2815 cum
1156 2758 1293 2817 Demede

288 2864 328 2924 de
352 2866 424 2924 urbe
452 2864 597 2923 tredende
620 2865 777 2939 Antipatri)
805 2868 994 2922 censenserat
1020 2863 1141 2939 eiusque
1170 2865 1294 2923 censilio'

238 2996 267 3027 20
289 2972 508 3031 Demosthenes
532 2989 601 3029 cum
626 2976 740 3053 ceteris,
763 2977 814 3045 qui
836 2970 914 3028 bene
939 2969 978 3027 de
1004 2974 1034 3028 re
1057 2970 1177 3046 publice
1198 2971 1295 3028 meriti

289 3078 536 3148 existimabantur,
566 3078 669 3152 populi
704 3082 780 3135 scite
816 3076 847 3133 in
885 3076 1018 3134 exsilium
1053 3086 1137 3133 erant
1171 3077 1294 3152 expulsi.

290 3186 397 3260 Neque
424 3185 455 3241 in
484 3189 520 3242 ee
548 3184 644 3242 selum
672 3181 847 3253 offenderat,
871 3182 953 3257 quod
980 3181 1093 3257 patriae
1122 3182 1199 3239 male
1225 3188 1295 3240 cen-

290 3292 424 3361 suluerat,
446 3289 499 3347 sed
521 3290 611 3347 etiam
632 3288 715 3363 quod
736 3287 882 3346 amicitiae
905 3286 997 3345 fidem
1018 3292 1078 3345 nen
1099 3288 1294 3362 praestiterat.

291 3398 428 3471 Namque
460 3407 563 3454 auctus
594 3395 771 3470 adiutusque
807 3400 825 3453 e
859 3394 1064 3452 Demosthene
1100 3412 1168 3451 eum
1206 3412 1295 3469 quem

247 3530 273 3577 ²5
290 3503 410 3561 tenebat
434 3501 608 3561 ascenderat
632 3502 767 3577 gradum,
789 3519 858 3558 cum
883 3500 1022 3559 adversus
1043 3498 1204 3558 Charetem
1227 3519 1293 3558 eum

289 3609 479 3679 subemeret;
514 3607 553 3666 ab
584 3607 693 3665 eedem
724 3608 757 3664 in
787 3606 911 3678 iudiciis,
941 3624 1009 3664 cum
1038 3606 1144 3681 capitis
1175 3625 1294 3664 causam

290 3714 411 3785 diceret,
433 3713 577 3771 defensus
601 3712 787 3787 aliquotiens,
808 3712 946 3771 liberetus
974 3711 1168 3771 discesserat:
1205 3714 1295 3771 Hunc

750 3828 783 3890 96
