2817 4250
241 290 299 350 128
527 301 695 350 corruam
719 301 868 351 uaeons
892 302 999 349 viana
1149 301 1283 364 [nunu.

325 473 395 530 XII.
425 475 482 532 His
503 475 589 549 igitur
610 475 697 534 robus
718 474 823 533 effocit
847 484 880 532 ut
904 477 946 532 M.
970 475 1125 549 Vipsanius
1150 476 1285 551 Agrippa,

285 578 389 636 intimo
421 580 613 638 familiaritate
646 581 821 638 conionctus
854 579 1037 639 adoloscenti
1065 581 1194 653 Caesari,
1221 601 1287 639 cum

286 694 408 759 propter
432 704 515 743 suam
538 687 661 761 grotiam
683 697 714 744 et
738 687 872 745 Caesaris
897 687 1062 760 potentiam
1087 686 1192 745 nullius
1218 706 1286 745 con-

285 789 411 848 dicionis
431 795 492 850 non
513 792 635 850 haboret
656 798 845 867 potestatem,
860 792 1045 866 potissimum
1067 793 1129 850 oius
1149 792 1287 868 doligeret
1383 809 1384 812 ’

249 921 260 968 5
284 895 472 954 adlinitotem
494 903 740 973 praeoptaretque
763 897 868 972 equitis
890 899 1020 956 Romoni
1044 899 1058 955 f
1061 898 1141 955 iliam
1165 905 1287 974 genero-

285 1008 381 1060 sorum
410 1004 526 1078 noptiis.
582 1005 679 1078 Atque
708 1003 811 1061 horum
839 1004 1007 1078 nuptiarum
1035 1004 1208 1062 conciliotor
1238 1006 1288 1062 suit

285 1114 396 1166 -non
421 1119 466 1167 est
486 1110 565 1167 enim
587 1109 848 1168 colandum—M.
870 1110 1023 1182 Antonius,
1045 1111 1227 1168 triumvirom
1250 1118 1289 1168 rei

285 1214 421 1288 poblicae
442 1215 676 1274 constituendae.
720 1215 812 1274 Coius
834 1216 926 1289 gratio
949 1233 1018 1273 cum
1042 1220 1150 1291 augore
1175 1234 1286 1291 posses·

285 1320 384 1377 sionos
408 1331 509 1394 posset
533 1327 608 1392 suos,
631 1330 744 1378 tanturn
767 1320 838 1378 afuit
858 1326 876 1377 o
896 1319 1061 1395 cupiditate
1083 1321 1237 1395 peconiae‚
1259 1333 1289 1380 ut

237 1441 264 1472 10
286 1426 365 1483 nollo
388 1426 418 1483 in
441 1432 472 1484 ro
496 1432 565 1485 osus
589 1428 626 1485 sit
649 1433 686 1484 ea
706 1427 762 1486 nisi
782 1427 813 1484 in
835 1425 1032 1502 doprecandis
1053 1432 1215 1485 amicorum
1240 1439 1289 1485 aut

285 1532 421 1606 periculis
442 1542 492 1590 aut
512 1532 721 1591 incommodis.

326 1638 416 1711 Quod
444 1638 566 1713 quidem
594 1639 649 1696 sub
681 1639 746 1712 ipso
776 1638 990 1713 proscriptione
1020 1638 1195 1713 perinlostre
1226 1640 1288 1697 fuit.

285 1745 364 1800 Nam
395 1763 463 1801 eum
495 1746 528 1802 L.
557 1746 659 1804 sautu
689 1745 796 1819 equitis
828 1746 965 1817 Romani,
993 1745 1123 1819 aequalis
1158 1752 1211 1817 sui,
1239 1753 1289 1821 qui

284 1850 450 1924 complores
492 1856 585 1908 annos
622 1850 720 1908 studio
756 1850 862 1909 ductus
897 1850 1102 1926 philosophiae
1138 1851 1289 1910 habitabat

235 1971 259 2016 ¹5
283 1954 406 2012 Athonis
434 1956 621 2030 habobatque
649 1956 679 2013 in
708 1943 794 2014 italio
818 1957 960 2031 pretiosos
982 1957 1193 2031 possessiomes,
1216 1962 1288 2016 tros·

186 2092 189 2096 Δ
282 2061 335 2117 viri
375 2062 453 2119 bona
486 2062 688 2120 vondidissent
725 2061 938 2120 consuotodine
982 2068 1018 2120 eo
1051 2068 1110 2138 quo
1145 2073 1209 2121 tum
1244 2068 1289 2121 ros

282 2168 467 2241 gerobantur,
496 2168 586 2226 Attici
614 2169 714 2227 labore
745 2178 834 2242 atque
864 2168 1007 2228 industrio
1038 2169 1150 2227 factum
1182 2179 1227 2228 est
1258 2180 1289 2228 ut

283 2272 392 2330 eodem
430 2274 535 2332 nontio
574 2273 710 2332 Saufoius
748 2274 832 2331 fieret
866 2274 975 2332 certior
1009 2279 1041 2332 so
1074 2274 1288 2350 patrimonium

282 2379 413 2437 amisisse
438 2390 468 2436 et
492 2384 689 2453 recuperasse.
733 2366 819 2438 ldem
843 2381 875 2437 L.
898 2380 1005 2438 lolium
1028 2379 1176 2452 Calidum,
1199 2400 1288 2457 quem

232 2500 260 2532 20
282 2494 350 2558 post
381 2486 508 2543 Locrotii
543 2484 709 2559 Catullique
744 2494 871 2542 mortem
907 2486 999 2543 multo
1035 2487 1287 2562 Elegantissimum
1336 2494 1339 2505 '

282 2594 402 2664 pootam
430 2601 559 2647 nostram
588 2590 687 2649 tulisse
716 2596 844 2648 aetatem
872 2594 942 2648 voro
970 2589 1073 2649 videor
1101 2610 1189 2667 posse
1217 2611 1287 2651 con-

282 2696 414 2766 tendere,
443 2714 540 2769 neque
569 2697 664 2753 minus
694 2696 789 2752 virum
820 2695 932 2754 bonum
965 2698 1143 2772 optimisque
1178 2699 1288 2757 artibus

282 2802 437 2872 oruditum,
467 2811 534 2876 post
565 2802 812 2876 proscriptionem
843 2802 975 2876 equitum
1009 2813 1131 2878 propter
1167 2809 1286 2879 magnos

282 2909 344 2965 oius
371 2894 521 2964 dinconas
549 2908 751 2980 possessionos
775 2907 806 2964 in
831 2913 1063 2982 proscriptorum
1088 2926 1245 2966 numerum
1272 2915 1288 2966 a

231 3028 257 3075 ²5
283 3014 315 3071 P.
335 3013 504 3082 Volumnio,
527 3012 678 3085 praelecto
700 3012 814 3070 labrom
836 3013 964 3084 Antonii,
987 3014 1141 3071 absentem
1163 3014 1287 3071 relotum

281 3117 439 3193 expedivit.
493 3116 583 3191 Quod
614 3117 645 3174 in
677 3123 823 3191 praesenti
856 3128 954 3175 utrum
986 3125 1013 3175 ei
1044 3119 1219 3178 laboriosius
1251 3138 1288 3177 an

280 3223 434 3299 gloriosius
470 3221 565 3292 luerit,
596 3219 715 3279 difficile
751 3232 795 3279 est
829 3222 971 3294 iodicare,
1000 3223 1083 3298 quod
1118 3225 1149 3282 in
1183 3230 1287 3283 eorum

281 3329 416 3405 periculis
454 3332 516 3385 non
554 3344 639 3385 secus
673 3328 810 3385 absentos
845 3345 933 3400 quarn
969 3335 1140 3403 praesentos
1176 3336 1287 3389 amicos

281 3436 381 3493 Attico
403 3451 467 3492 esse
489 3438 576 3491 corae
597 3434 748 3507 cognitum
770 3443 822 3490 est.

231 3558 259 3602 30
320 3540 408 3597 XIII.
452 3539 557 3612 Neque
583 3542 653 3595 voro
678 3538 726 3595 ille
751 3540 847 3597 minus
867 3539 963 3597 bonus
985 3550 1069 3615 pater
1090 3540 1216 3601 familiis
1236 3542 1285 3599 ha-

281 3647 358 3703 bitus
386 3656 432 3702 est
460 3662 548 3717 quam
577 3642 646 3700 civis
658 3664 666 3715 3
695 3662 764 3700 nam
789 3662 857 3701 curn
883 3656 961 3703 esset
986 3647 1175 3721 peconiosus,
1198 3652 1285 3706 nomo

280 3750 331 3810 illo
360 3750 455 3809 minus
481 3750 535 3808 fuit
562 3753 657 3822 emax,
686 3749 782 3812 minus
810 3748 992 3814 aedificator.
1049 3753 1157 3835 Neque
1187 3762 1286 3815 tamen
1378 3740 1379 3769 ³
