2817 4250
120 326 227 392 v.,v1.]
566 329 761 381 torsimus
1143 320 1183 398 83

118 504 212 558 ansas
240 510 271 557 et
298 502 403 558 Boeati
431 505 581 576 ceterique
609 507 712 560 eurum
741 502 814 560 socii
839 501 919 578 apud
945 502 1133 574 Corunaam3

118 611 202 681 quus
239 610 344 665 omnus
378 612 459 683 gravi
492 607 606 682 proelia
640 607 717 666 vicit.
777 607 873 666 Huius
908 608 1049 666 victuriae
1088 609 1134 665 vel

118 712 256 770 maxima
279 712 333 770 fuit
354 713 425 784 laus,
447 712 538 787 quod,
560 731 628 770 cum
652 714 784 789 plarique
808 732 845 770 ex
866 713 934 790 fuga
954 718 987 772 sa
1008 714 1038 772 in
1059 723 1133 772 tem·

118 817 209 892 plum
238 817 390 876 Minervae
419 818 617 877 coniacissent
644 823 892 893 quaerereturque
921 819 960 878 ab
987 824 1033 891 eu,
1062 819 1134 895 quid

108 930 158 982 eis
188 925 276 982 vellet
304 925 375 995 fieri,
402 931 457 983 etsi
483 925 595 1000 aliquot
621 926 741 983 vulnera
770 929 927 1000 acceperat
955 931 992 983 eu
1021 926 1134 1001 proelia
1158 947 1169 995 5

119 1039 155 1086 et
183 1034 273 1087 iratus
300 1028 454 1088 vidabatur
482 1030 619 1089 omnibus
651 1037 702 1105 qui
730 1031 869 1089 adversus
894 1050 975 1088 arma
1000 1032 1134 1104 tulerant,

119 1144 230 1192 tamen
249 1136 385 1193 antetulit
405 1142 464 1192 irae
485 1136 658 1212 religiunem
680 1146 711 1194 et
732 1141 784 1194 eus
805 1137 897 1195 vetuit
917 1137 1029 1195 violari.

167 1241 276 1316 Neque
306 1245 377 1299 vara
410 1241 467 1299 huc
500 1241 595 1299 sulum
627 1242 657 1299 in
689 1242 815 1300 Graecia
846 1243 861 1299 f
865 1243 932 1314 ecit,
960 1252 993 1300 ut
1024 1244 1135 1319 templa

120 1346 253 1405 dearum
277 1352 379 1405 sancta
402 1347 533 1419 habaret,
557 1347 610 1406 sed
636 1347 724 1406 etiam
751 1348 831 1425 apud
856 1348 995 1407 barbaras
1019 1355 1135 1406 summa

120 1453 270 1528 religiune
305 1453 405 1511 omnia
435 1453 589 1511 simulacra
620 1458 743 1527 arasque
779 1454 971 1512 conservavit.
1030 1456 1134 1529 Itaque
1159 1485 1185 1515 ιο

120 1557 320 1634 praedicabat
348 1564 446 1616 mirari
476 1562 517 1629 sa,
546 1564 607 1616 nun
637 1559 846 1634 sacrilegarum
876 1566 1000 1619 numeru
1035 1561 1135 1619 habau

120 1670 178 1740 qui
206 1665 387 1739 supplicibus
415 1664 540 1722 dearum
572 1665 751 1737 nocuissent,
780 1676 830 1723 aut
861 1671 922 1724 nan
954 1667 1135 1740 graviurihus

121 1777 234 1846 poenis
264 1769 353 1828 adfici
380 1776 430 1845 qui
460 1770 632 1846 religiunem
660 1771 838 1843 minuerent,
867 1790 957 1846 quam
985 1778 1035 1847 qui
1063 1773 1136 1830 fana

121 1877 298 1952 spoliarent.

167 1984 205 2040 V.
235 1984 304 2040 Post
329 1982 386 2039 hac
411 1982 555 2057 proelium
577 1982 727 2040 conlatum
749 2001 837 2040 omne
860 1983 968 2040 bellum
991 1993 1036 2040 est
1057 1983 1135 2041 circa
1160 2009 1183 2054 ις

123 2087 305 2149 Corinthum
327 2088 455 2163 ideaque
477 2087 664 2147 Corinthium
686 2098 732 2146 est
754 2088 941 2165 appellatum.
987 2090 1046 2147 Hic
1067 2108 1135 2147 cum

121 2201 188 2253 una
217 2200 315 2270 pugna
344 2194 451 2251 decem
481 2194 561 2252 mssia
591 2194 719 2253 hostium
747 2196 884 2271 Agasilau
910 2195 985 2252 duce
1011 2196 1134 2253 cecidis-

124 2310 196 2359 sent
227 2306 323 2375 euque
358 2300 436 2357 factu
471 2304 545 2374 opas
580 2299 813 2358 adversariarum
848 2299 1018 2360 dabilitatae
1041 2301 1134 2359 ride-

124 2417 238 2477 rentur,
256 2416 370 2463 tantum
392 2406 464 2463 afuit
486 2405 524 2464 ab
544 2406 700 2463 insolentia
720 2406 840 2481 gluriae,
858 2417 892 2464 ut
913 2408 1135 2465 commiseratus

125 2513 166 2570 sit
194 2512 347 2569 tartunam
376 2500 528 2583 Graeciae,
555 2510 635 2585 quod
663 2521 724 2569 tam
755 2512 837 2569 multi
864 2518 881 2569 a
909 2516 940 2570 sa
968 2518 1037 2569 victi
1064 2513 1135 2570 vitiu
1158 2542 1186 2571 20

124 2618 361 2677 adversariarum
395 2616 614 2676 concidissent:
651 2636 779 2692 namque
809 2618 857 2675 illa
888 2618 1083 2691 multitudine,
1112 2626 1136 2677 si

125 2731 201 2783 sana
228 2729 312 2782 mans
340 2734 426 2795 esset,
449 2705 594 2783 Graeciae
623 2724 799 2799 supplicium
829 2727 930 2782 Persas
955 2725 1025 2783 dare
1050 2736 1135 2800 potu-

125 2831 197 2889 isse.
240 2816 327 2888 idem
351 2849 420 2887 cum
448 2830 628 2888 adversarius
653 2831 730 2888 intra
755 2830 873 2888 moenia
893 2831 1085 2905 compulisset
1107 2842 1136 2889 et

124 2946 161 2995 ut
193 2936 370 2994 Corinthum
401 2941 585 3012 oppugnaret
618 2937 701 2993 multi
733 2936 928 3007 hortarentur,
956 2938 1073 3012 negavit
1105 2938 1136 2996 id

126 3060 200 3101 suae
220 3042 320 3099 virtuti
340 3047 514 3099 convenire:
545 3047 577 3099 sa
598 3044 676 3099 enim
698 3060 767 3099 eum
789 3061 853 3099 esse
874 3050 925 3116 qui
946 3042 985 3100 ad
1006 3042 1135 3101 officium
1160 3072 1185 3118 25

125 3153 291 3223 peccantes
315 3147 409 3205 redire
435 3153 565 3223 cugeret,
591 3153 651 3205 nun
677 3154 729 3221 qui
753 3149 841 3205 urbas
865 3148 1059 3206 nubilissimas
1088 3168 1135 3205 ex-

126 3258 275 3329 pugnaret
304 3253 458 3311 Graeciae.
501 3254 608 3309 “Nam
637 3254 689 3323 si,'’
716 3252 819 3327 inquit,
846 3258 925 3311 “eus
953 3255 1136 3329 exstinguere

127 3360 318 3431 voluerimuS,
354 3366 405 3433 qui
442 3360 596 3418 nobiscum
636 3359 774 3443 adversus
812 3360 950 3417 barbarus
985 3366 1136 3432 steterunt,

127 3472 249 3523 nusmet
274 3466 330 3540 ipsi
355 3471 410 3523 nos
434 3467 699 3540 expugnaverimus
722 3465 776 3523 illis
799 3466 1025 3539 quiescentibus.
1070 3468 1138 3541 Qua

128 3573 211 3629 factu
233 3572 296 3629 sine
318 3572 448 3647 negutiu,
471 3591 538 3629 cum
559 3572 714 3642 voluerint,
736 3576 791 3629 nus
813 3572 1010 3646 oppriment.”
1162 3602 1190 3647 30

170 3678 224 3735 VI.
255 3678 379 3735 Interim
402 3677 511 3736 accidit
536 3678 583 3734 illa
608 3678 761 3735 calamitas
789 3677 867 3752 apud
898 3679 1023 3735 Leuctra
1051 3679 1140 3735 Lacc-

129 3784 308 3844 daemoniis.
353 3784 422 3856 Quo
451 3788 488 3841 na
516 3784 761 3858 proficisceratur,
787 3802 855 3840 cum
884 3790 902 3841 a
929 3783 1075 3858 plerisque
1100 3784 1138 3841 ad
