2817 4250
127 338 168 402 v.]
552 333 764 384 meramors

129 521 266 585 essetque
293 510 325 567 in
353 512 458 585 magna
485 514 538 584 spa
565 508 735 584 pravinciae
763 509 841 568 bene
871 506 1131 582 administrandae,

127 623 188 675 nan
222 620 323 690 parare
356 616 450 673 naluit
480 624 510 672 et
543 615 572 672 in
603 615 764 687 triramem,
792 632 868 689 quae
899 615 938 674 ad
970 634 1038 673 eum
1070 626 1132 674 erat

79 717 83 724 ’
127 713 347 798 daportandum
376 729 472 792 missa,
501 720 644 779 ascendit.
701 723 770 780 Hac
797 720 924 779 Tharrias
954 721 984 779 in
1016 707 1131 780 ltaliam

126 833 293 904 pervactus,
321 827 413 884 multa
440 832 541 886 sacum
570 833 708 902 reputans
730 826 775 885 'da
803 826 998 886 immoderata
1024 829 1133 886 civium

126 941 247 993 suarum
276 934 394 991 licentia
421 933 655 1008 cradElitateque
691 938 760 1008 erga
794 933 917 1006 nabilas
946 933 1132 992 [utilissimum
1157 956 1167 1001 5

126 1051 206 1098 ratus
231 1039 456 1115 impendentem
480 1043 590 1097 avitare
616 1045 834 1114 tempestatem,
857 1041 934 1097 clam
955 1045 988 1098 εδ
1008 1041 1046 1099 ab
1067 1058 1131 1098 cus·

126 1147 247 1206 tadibus
276 1145 415 1205 subdaxit
443 1155 473 1204 et
500 1144 571 1203 inde
599 1151 728 1220 primum
756 1130 884 1217 Elidem,
913 1145 984 1204 dein
1012 1147 1132 1205 Thabas

126 1254 216 1312 venit.
260 1253 421 1326 Postquam
445 1261 545 1309 autem
570 1256 601 1309 εδ
626 1251 731 1326 capitis
756 1250 929 1310 damnatum
951 1253 1036 1310 bonis
1057 1253 1131 1327 pal>

126 1359 221 1417 licatis
245 1358 366 1429 audivit,
389 1368 427 1430 et,
449 1357 480 1415 id
508 1357 590 1432 quod
617 1376 779 1433 numquam
807 1364 895 1416 antea
921 1363 975 1417 asa
1001 1363 1131 1430 vanerat,

127 1465 324 1540 Eumolpidas
351 1461 521 1523 sacerdatas
550 1470 568 1522 a
595 1453 707 1540 popula
734 1469 855 1522 coactas
882 1474 915 1522 ut
942 1468 974 1522 εδ
1004 1464 1132 1524 ἀδνονδ·
1156 1490 1183 1520 10

126 1581 201 1643 rent,
237 1571 359 1646 Eiusque
398 1568 566 1628 davatianis
603 1575 663 1644 qua
701 1571 834 1628 testatior
867 1579 946 1628 esset
979 1572 1131 1642 memoria,

126 1678 298 1752 exemplum
325 1677 356 1733 in
383 1676 443 1751 pila
465 1675 584 1750 lapidea
608 1676 734 1733 incisum
760 1695 823 1734 esse
849 1677 977 1751 positum
1003 1678 1033 1733 in
1057 1676 1131 1752 pirb-

126 1783 195 1854 lica‚
220 1781 479 1840 Lacedaemonem
507 1781 690 1857 demigravit.
734 1782 790 1853 Ibi,
815 1793 848 1839 ut
871 1783 935 1857 ipse
960 1782 1131 1857 praedicare

125 1895 293 1960 cansuarat,
308 1894 369 1946 nan
390 1887 529 1947 adversus
550 1889 684 1963 patriam,
703 1888 756 1947 sed
777 1889 912 1946 inimicas
933 1894 1001 1947 suas
1022 1890 1132 1946 bellum

125 1995 226 2070 gessit,
248 2001 298 2070 qui
325 1994 416 2052 iidem
444 1994 545 2052 hostas
572 2004 671 2052 essent
698 1994 828 2066 civitati;
856 2013 926 2053 nam
954 2013 1022 2052 cum
1046 1995 1131 2052 intel·
1156 2014 1181 2062 ις

109 2101 260 2177 'legerent
284 2105 316 2160 εδ
342 2099 500 2175 plarimum
524 2099 667 2176 pradesse
692 2118 781 2176 posse
806 2107 849 2158 rei
871 2101 1017 2176 pirblicae,
1039 2120 1076 2159 ex
1098 2108 1133 2160 ea

125 2207 251 2266 aiacisse
278 2209 402 2283 plasque
430 2215 490 2266 irae
519 2226 588 2266 suae
613 2226 703 2282 quam
728 2208 846 2266 utilitati
870 2214 1022 2266 commani
1046 2214 1131 2283 paru·

126 2315 195 2373 isse.
238 2315 344 2389 Itaque
366 2313 450 2371 hirius
472 2314 595 2372 cansilia
618 2314 849 2372 Lacedaemonii
868 2332 936 2371 cum
957 2316 1043 2372 Perse
1063 2319 1132 2389 tage

126 2420 287 2478 amicitiam
316 2422 464 2492 facamnt,
492 2419 563 2477 dein
591 2420 755 2478 Deceleam
783 2420 814 2477 in
841 2420 939 2477 Attica
966 2421 1133 2478 mimiamnt
1177 2414 1179 2417 ⁸

126 2525 335 2601 praesidiaque
368 2526 410 2584 ibi
441 2532 587 2601 perpetua
617 2526 716 2601 posita
747 2526 778 2583 in
812 2524 968 2584 obsidiane
1002 2527 1133 2585 Athanas
1155 2548 1184 2579 20

127 2636 295 2691 tenuatum.
338 2617 480 2690 Eiusdem
501 2638 593 2707 opera
618 2632 735 2689 Ianiam
759 2638 777 2690 a
801 2632 942 2689 societate
967 2635 1133 2690 avertanmt

127 2737 362 2796 Athamansium.
408 2738 477 2812 Qua
512 2738 592 2797 iacta
627 2738 720 2795 multa
755 2738 920 2811 superiaras
954 2737 1034 2796 bella
1068 2756 1132 2796 esse

127 2848 304 2918 coeperunt.

168 2950 205 3005 V.
235 2949 340 3023 Neque
372 2953 442 3007 vara
477 2948 521 3006 his
556 2949 642 3006 rabus
675 2957 737 3005 tam
768 2954 857 3005 amici
888 2947 1035 3006 Alcibiadi
1066 2959 1133 3006 sunt

127 3054 199 3112 iacti
220 3072 310 3129 quam
331 3054 437 3112 timare
458 3053 496 3112 ab
518 3060 555 3111 ea
576 3054 694 3112 alianati
704 3075 713 3127 ;
742 3072 812 3112 nam
832 3072 901 3111 cum
922 3055 1058 3112 acerrimi
1081 3055 1135 3111 viri
1156 3080 1182 3127 ²5

126 3168 328 3235 praestantem
357 3158 545 3234 pradentiam
572 3158 603 3216 in
631 3160 769 3218 omnibus
797 3160 884 3217 rabus
908 3164 1133 3234 cagnascerent,

46 3298 47 3301 =
128 3265 343 3340 pertimuerunt
364 3270 402 3323 na
423 3266 545 3323 caritate
566 3264 677 3339 patriae
698 3264 805 3322 ductus
826 3264 985 3340 aliquanda
1006 3266 1045 3325 ab
1063 3266 1134 3340 ipsis

128 3370 308 3429 dascisceret
337 3380 366 3429 et
390 3389 459 3428 cum
483 3377 541 3429 suis
566 3371 596 3427 in
620 3371 744 3445 gratiam
768 3369 884 3428 rediret.
929 3372 1033 3445 Itaque
1059 3380 1133 3429 tem-

127 3495 185 3552 pus
206 3476 269 3535 aius
290 3476 487 3536 interficiendi
507 3494 648 3551 quaerere
669 3477 866 3535 instituarunt.
909 3475 945 3534 Id
964 3476 1134 3536 Alcibiadis

127 3582 239 3641 diritius
272 3582 362 3640 calari
393 3587 455 3640 nan
485 3583 600 3658 potuit;
636 3593 698 3640 erat
728 3582 808 3639 enim
839 3587 875 3639 ea
905 3584 1073 3657 sagacitate,
1101 3592 1134 3641 ut
1157 3612 1184 3657 30

127 3689 231 3765 dacipi
251 3694 312 3747 nan
333 3698 443 3764 posset,
461 3688 634 3763 praesertim
656 3707 725 3747 cum
746 3688 877 3746 animum
899 3688 1074 3748 attendisset
1094 3688 1134 3746 ad

126 3796 307 3855 cavendum.
364 3797 468 3872 Itaque
500 3795 539 3853 ad
568 3795 807 3871 Tissaphemem‚
840 3794 1023 3869 praefectum
1059 3795 1133 3868 ragis
