2817 4250
127 303 190 366 V11·]
527 301 797 352 THEMISTOCLES
1146 305 1183 370 13

130 494 205 550 opus
234 475 366 533 facerent
392 493 488 550 neque
515 474 567 533 olli
593 475 661 534 loco
686 483 851 550 parcerent,
878 480 937 533 sive
963 492 1047 532 sacer
1074 480 1135 532 sive
1182 502 1184 506 ⁷

129 587 260 656 privotus
289 590 365 640 esset
392 587 452 639 sive
481 581 625 656 poblicus,
655 590 685 639 et
712 579 854 656 undique,
882 579 964 655 quod
991 580 1134 639 idoneum

130 686 170 745 ad
195 686 387 746 mimiendum
409 693 554 762 putorem,
569 696 773 762 congererent.
816 687 886 761 Quo
907 687 1017 744 factum
1038 696 1082 744 est
1102 697 1135 744 ut

129 792 356 851 Athonionsium
379 798 455 851 mirri
475 811 512 850 ex
533 794 645 851 sacellis
667 793 867 868 sepulcrisque
889 797 1067 850 constorent.

171 900 242 956 VII.
270 898 487 957 Themistoclos
504 908 603 956 autem
621 907 654 956 ut
671 896 931 956 Lacedaemonem
948 898 1038 970 vonit,
1053 898 1143 956 adire·
1159 919 1170 968 ς

130 1004 171 1063 ad
192 1004 376 1079 magistrotirs
397 1004 490 1062 noluit
512 1014 542 1062 et
563 1003 647 1062 dedit
668 1021 790 1079 operam
807 1013 946 1078 utquam
965 1003 1135 1078 longissime
1195 1057 1199 1064 .

129 1120 249 1184 tempus
274 1109 406 1179 duceret,
431 1128 550 1168 causam
575 1110 768 1184 interponens
793 1114 825 1168 so
849 1110 987 1184 conlogis
1012 1128 1134 1185 exspec-

130 1221 203 1274 tore.
246 1216 323 1274 Cum
352 1215 582 1274 Lacedaemonii
606 1192 799 1291 quererentur
822 1233 898 1290 opus
921 1215 1014 1273 nihilo
1039 1201 1135 1274 minus

130 1321 195 1379 fieri
219 1339 347 1396 eumque
371 1321 402 1379 in
431 1327 466 1379 eo
494 1327 526 1380 re
554 1327 655 1379 coniri
682 1321 792 1392 fallere,
816 1321 933 1379 interim
962 1321 1067 1396 reliqui
1093 1321 1134 1380 lo-

131 1432 193 1504 goti
213 1437 280 1485 sunt
301 1432 462 1485 consecuti.
504 1414 529 1485 Ᾰ
551 1427 657 1502 quibus
682 1445 752 1485 cum
776 1426 906 1485 audisset
926 1431 988 1484 non
1009 1427 1135 1485 multum
1159 1455 1186 1487 10

131 1551 286 1608 superesse
314 1532 560 1695 monitionist
589 1533 717 1608 ephoros
750 1532 1054 1591 Lacedaemoniorum
1087 1551 1135 1590 ac·

131 1639 230 1711 cessit,
254 1656 348 1714 penes
376 1644 450 1713 quos
478 1657 492 1696 s
545 1657 626 1696 mum
655 1647 718 1696 erat
745 1638 911 1712 imperium,
939 1648 1028 1713 atque
1056 1639 1136 1713 apud

132 1750 185 1803 eos
212 1743 367 1802 contendit
396 1744 468 1802 salsa
486 1751 529 1802 eis
557 1763 621 1803 esse
650 1744 767 1803 dolota:
792 1749 851 1817 quo
871 1748 902 1800 ro
924 1763 1052 1817 aequum
1071 1764 1135 1803 esse

132 1851 198 1909 illos
225 1850 304 1908 viros
332 1849 427 1910 bonos
455 1851 629 1925 nohilosque
658 1850 774 1908 mittere
802 1849 909 1923 quihus
940 1847 1015 1906 fides
1046 1849 1135 1907 habo-
1163 1791 1282 1958 κρῆ

133 1961 223 2029 rotor,
250 1962 302 2031 qui
330 1974 393 2014 rem
422 1956 609 2031 explororent
620 1977 628 2029 ;
663 1956 777 2014 intereo
803 1960 836 2013 so
864 1955 1000 2014 obsidem
1028 1955 1135 2012 retino·
1161 1977 1185 2026 15

132 2072 207 2120 rent.
260 2063 368 2121 Gestus
397 2071 442 2120 est
468 2069 497 2120 ei
524 2068 598 2135 moS,
627 2065 744 2137 trosque
773 2061 861 2137 logoti
889 2061 988 2119 foncti
1004 2032 1155 2119 ὦ

132 2168 295 2227 honoribus
322 2168 452 2227 Athonis
481 2175 562 2227 missi
589 2178 666 2227 sunt.
722 2168 800 2227 Cum
828 2168 872 2226 his
903 2168 1041 2243 conlogos
1069 2173 1138 2226 suos

130 2275 350 2333 Themistoclos
371 2275 453 2332 iussit
474 2275 622 2349 proficisci
636 2281 737 2349 eisque
762 2273 916 2350 praedixit,
939 2284 971 2331 ut
995 2279 1034 2331 no
1056 2274 1137 2348 prius

132 2378 438 2439 Lacedaemoniorum
474 2380 585 2456 logotos
621 2379 804 2438 dimitterent
839 2398 929 2454 quam
962 2380 1026 2454 ipse
1044 2389 1153 2464 Q

131 2492 277 2544 remissus.
325 2484 329 2491 “
473 2460 535 2574 Γ]
592 2461 635 2567 3
693 2445 758 2575 (7
860 2452 927 2600 B
1158 2511 1188 2542 20

133 2566 241 2651 'llos
265 2600 424 2667 postquam
449 2593 579 2649 Athonis
604 2591 772 2666 pervonisse
799 2600 878 2648 ratus
902 2578 956 2663 est,
971 2589 1010 2648 ad
1031 2590 1136 2666 magis-

130 2702 223 2756 tritos
251 2703 446 2772 senotumque
474 2696 781 2789 MceQum
810 2696 883 2754 adiit
912 2706 943 2754 et
973 2696 1054 2771 apud
1085 2702 1137 2755 eos

130 2802 281 2861 liherrim'e'
308 2803 456 2879 professus
484 2813 561 2875 estq
582 2803 778 2861 Athonionsos
808 2808 861 2860 suo
892 2802 1027 2875 consilio,
1055 2802 1137 2877 quod
1168 2840 1259 2945 Μ

129 2914 286 2967 commoni
322 2910 385 2967 iore
423 2909 554 2984 gentium
593 2909 689 2967 facere
725 2917 856 2993 possent,
892 2907 966 2966 deos
1001 2908 1137 2982 poblicos

33 3013 36 3017 ’
167 3020 262 3089 osque
286 3015 397 3089 patrios
422 3032 457 3072 ac
477 3018 609 3087 Penotos
632 3019 693 3089 quo
715 3001 886 3073 facilius'ah
906 3014 992 3072 hoste
1016 3023 1138 3088 possent
1160 3041 1186 3089 25

42 3015 306 3367 splendere,
322 3126 411 3178 moris
435 3121 579 3220 {gemisse
605 3138 702 3195 neque
723 3120 754 3177 in
775 3126 813 3177 eo
834 3120 916 3194 quod
937 3094 1138 3177 inotilees'se't

130 3225 419 3322 Graecm'ejocisse.
462 3205 540 3283 illam
560 3202 678 3283 illorum
699 3223 804 3284 urbem
826 3236 857 3283 ut
882 3182 1155 3301 propognociffi

1272 2973 1280 3020 ,
1305 2983 1308 2989 ,

86 3371 94 3400 i
119 3318 304 3416 ,copositum
338 3348 404 3413 esse
439 3332 579 3404 barbariS,
608 3331 688 3405 apud
723 3305 813 3406 quanl
854 3331 913 3388 iam
954 3330 999 3389 his
1035 3331 1137 3405 copiis

25 3425 27 3429 Α
71 3409 227 3607 llgsogios
248 3434 357 3526 Q
376 3437 568 3513 naufragium.
611 3436 866 3495 Lacedaemonios
887 3446 986 3494 autem
1009 3437 1085 3494 male
1108 3446 1138 3494 et

1236 3436 1246 3463 l
1325 3432 1364 3471 ι(Ι

81 3504 91 3533 (ι

1323 3467 1328 3496 Ι

48 3541 106 3610 W
142 3538 248 3601 niorto
268 3541 376 3635 Ἢ,
405 3550 455 3617 qui
483 3544 513 3601 id
542 3543 639 3618 potius
669 3543 861 3640 Q,
890 3542 972 3618 quod
1006 3543 1137 3618 ipsorum
1160 3486 1376 3625 popinam„

47 3612 110 3799 §dl
130 3648 331 3707 dominitioni
358 3667 448 3723 quam
476 3648 558 3724 quod
586 3649 740 3707 universae
772 3648 915 3708 Graeciae
945 3648 1016 3706 otile
1040 3658 1137 3732 esset.
1165 3610 1298 3761 (ᾖ

131 3760 199 3833 Quo
227 3761 269 3827 ro,
295 3762 319 3812 si
347 3763 414 3815 suos
441 3758 553 3832 logotos
584 3754 716 3829 recipere
751 3755 867 3851 rehem,
899 3759 974 3829 quos
1007 3753 1137 3813 Athonis
1174 3750 1287 3828 'iim
