2817 4250
517 274 687 324 CORNELII
710 275 859 326 NEPOTIS
880 276 987 326 VITAE
1223 276 1279 341 [111.

276 446 479 506 censectande
506 465 586 506 mare
614 453 711 506 tritum
738 446 877 506 reddidit.
923 450 959 506 Iu
987 454 1046 523 que
1074 468 1143 507 cum
1171 449 1280 509 divitiis

276 554 399 626 ernaivit,
428 564 491 612 tum
519 554 609 612 etiam
637 553 829 629 peritissimes
857 554 927 613 belli
949 555 1059 612 nivalis
1084 556 1160 613 fecit
1187 555 1279 614 Athe-

277 660 403 718 nienses.
459 658 496 717 Id
529 669 658 735 quantae
692 661 778 718 saluti
812 660 898 717 fuerit
932 661 1085 719 universae
1123 663 1278 735 Graeciae,

277 766 355 824 belle
383 767 535 841 cegnitum
564 777 608 824 est
637 767 763 824 Persice.
808 767 887 823 Nam
915 785 984 823 cum
1008 768 1120 825 Xerxes
1149 778 1179 825 et
1207 775 1280 825 mari

242 894 253 942 5
277 882 309 929 et
339 877 415 930 terre
445 872 556 931 bellum
586 872 738 930 imiversae
766 873 886 930 inferret
915 872 1063 947 Eurepae,
1092 891 1160 930 cum
1191 880 1280 932 tantis

278 979 371 1053 cepiis
395 997 462 1036 eam
484 979 597 1050 invasit,
619 984 743 1052 quantes
764 996 862 1052 neque
884 988 953 1036 ante
973 996 1031 1036 nec
1052 985 1157 1053 posteri
1177 979 1281 1037 habuit

277 1085 450 1158 quisquam:
475 1085 560 1143 heius
579 1085 658 1142 enim
675 1085 775 1142 classis
797 1084 875 1142 mille
895 1095 926 1142 et
946 1083 1141 1143 ducenterum
1161 1087 1280 1143 navium

278 1191 429 1266 longemm
454 1190 517 1262 fuit,
540 1208 630 1264 quam
655 1191 717 1250 duo
742 1190 821 1248 milia
842 1191 1039 1248 onereriairum
1060 1192 1281 1265 sequebantur;

278 1297 421 1355 terrestris
448 1307 547 1354 autem
579 1297 723 1355 exercitus
755 1314 786 1354 se
810 1296 942 1372 tingenta
973 1294 1118 1370 peditum,
1146 1296 1280 1370 equitum

229 1431 256 1462 ιο
277 1401 491 1477 quadringenta
511 1403 590 1460 milia
611 1403 736 1461 ruerunt.
765 1314 808 1565 ἱ

318 1509 409 1567 Cirius
430 1509 469 1566 de
490 1508 619 1566 adventii
640 1526 709 1565 curn
730 1508 764 1566 sa
795 1526 814 1565 a
834 1508 865 1565 in
887 1506 1044 1566 Graeciam
1065 1518 1143 1566 esset
1167 1508 1281 1583 perlata

277 1624 309 1671 et
336 1614 463 1672 menime
491 1614 685 1672 Athenienses
713 1620 775 1688 peti
803 1612 969 1671 dicerentur
997 1623 1120 1688 propter
1148 1617 1280 1688 pignam

278 1719 506 1791 Maratheniam,
524 1724 664 1778 miserunt
686 1719 821 1794 Delphes
841 1720 1018 1792 censultum,
1036 1719 1179 1794 quidnam
1200 1719 1279 1779 face-

277 1836 342 1883 rent
366 1825 404 1884 de
431 1824 517 1884 rebus
542 1832 609 1883 suis.
662 1826 900 1884 Deliberautibus
926 1826 1030 1898 Pythia
1060 1825 1222 1901 respondit,
1247 1837 1281 1886 ut

228 1953 252 2001 ις
277 1931 432 1989 moenibus
453 1931 554 2006 ligneis
576 1935 607 1988 se
629 1935 785 1989 munirent.
828 1931 865 1989 Id
886 1937 1060 2015 respersum
1085 1938 1145 2006 que
1168 1932 1280 1991 valeret

277 2055 346 2094 cum
374 2036 557 2111 intellegeret
585 2041 684 2108 neme,
708 2037 924 2095 Themistocles
952 2039 1094 2112 persuesit
1123 2038 1279 2096 sensilium

277 2161 341 2201 esse
369 2143 522 2218 Apollinis
548 2154 581 2201 ut
609 2144 640 2201 in
667 2148 756 2201 neves
784 2148 816 2202 se
845 2161 956 2218 suaque
985 2146 1171 2203 censerrent:
1209 2162 1279 2202 eum

278 2250 357 2307 enim
392 2255 409 2307 e
442 2249 500 2306 dee
535 2249 691 2325 significari
725 2254 841 2307 merum
877 2249 1014 2325 ligneum.
1056 2251 1121 2308 Teii
1155 2250 1280 2308 censilie

276 2356 402 2429 prebete
437 2354 550 2413 addunt
584 2355 623 2413 ad
659 2355 823 2430 superieres
859 2354 984 2413 totidem
1019 2360 1108 2413 neves
1146 2356 1280 2413 triremes

226 2486 254 2517 κο
277 2478 387 2535 suaque
415 2461 523 2519 ‘omnia
557 2479 632 2536 quae
657 2466 779 2519 moveri
812 2471 951 2536 poterant
981 2461 1089 2536 partim
1123 2461 1278 2533 Salamina,

276 2567 384 2641 partim
410 2568 563 2624 Troezena
590 2566 768 2641 deportant,
806 2585 906 2625 arcem
934 2563 1136 2625 sacerdet'ibus
1163 2572 1278 2641 paucis-

276 2690 335 2747 que
363 2672 521 2730 meieribus
549 2677 620 2730 nete
646 2670 686 2729 ad
717 2690 800 2730 sacra
834 2673 1020 2747 procuranda
1054 2672 1183 2745 tredunt,
1211 2672 1278 2730 reli-

276 2796 367 2853 quum
390 2776 534 2853 oppidum
555 2777 732 2852 relinquunt.

317 2884 375 2941 III.
404 2883 501 2942 Hriius
537 2883 692 2941 censilium
726 2883 872 2957 plerisque
907 2882 1071 2943 civitetibus
1102 2883 1279 2958 displicebat

224 3016 251 3063 ²5
275 3000 305 3047 et
332 2990 363 3046 in
390 2994 466 3046 terre
494 2988 627 3047 dimicari
655 2989 747 3063 magis
778 2989 922 3063 placebat.
971 2991 1076 3064 Itaque
1103 2964 1183 3047 missi
1210 2999 1279 3048 sunt

275 3094 384 3153 delecti
408 3112 477 3151 cum
503 3093 645 3165 Leenide,
672 3094 977 3153 Lacedaemoniorum
1005 3100 1083 3170 rege,
1106 3101 1158 3169 qui
1183 3094 1277 3152 Ther-

275 3200 409 3275 mopylis
444 3205 625 3275 occuparent
659 3200 834 3274 longiusque
868 3200 1007 3259 barbares
1042 3198 1181 3275 progredi
1214 3205 1278 3258 non

274 3316 453 3381 paterentur.
496 3307 521 3363 Ii
543 3305 602 3362 vim
625 3305 754 3363 hostium
776 3311 836 3363 nen
861 3306 1059 3364 sustinuemnt
1085 3310 1180 3380 eeque
1209 3304 1278 3363 loce

274 3416 378 3470 omnes
411 3411 592 3470 interierunt.
647 3413 686 3469 At
721 3411 820 3469 classis
852 3412 1018 3470 commfinis
1048 3411 1192 3470 Graeciae
1219 3420 1277 3469 tre-

225 3546 253 3592 3⁰
274 3522 427 3575 centairum
454 3517 581 3588 navium,
613 3517 643 3575 in
671 3522 731 3591 que
757 3517 903 3575 ducentae
932 3527 1015 3575 erant
1042 3517 1277 3589 Atheniensium,

274 3600 401 3697 primum
423 3622 502 3697 apud
524 3622 713 3681 Artemisium
737 3623 813 3680 inter
838 3624 992 3682 Euboeam
1013 3623 1278 3697 continentemque

275 3736 382 3786 terram
416 3746 485 3786 cum
519 3728 672 3786 classieriis
707 3728 793 3802 regiis
820 3727 960 3787 cenflixit.
1013 3729 1168 3804 Angusties
1195 3727 1278 3786 enim
