2817 4250
143 345 148 356 -
238 311 278 388 78
528 322 697 372 connum
722 323 870 374 urruns
894 324 1004 374 vnln
1195 324 1253 390 [ιν.,
1264 339 1291 375 v.

287 493 442 552 interfecti.
485 495 600 568 Quibus
620 497 708 554 rebus
729 495 881 569 confectis,
903 498 990 573 vulgo
1012 496 1050 555 ad
1072 516 1154 555 arma
1175 497 1290 556 liberta-

287 609 408 674 temque
432 605 548 672 vocato,
573 607 635 659 non
657 602 753 659 solum
778 608 829 676 qui
853 603 882 660 in
908 603 979 662 urbe
1005 614 1098 675 erant,
1119 601 1174 662 sed
1202 603 1291 661 etiam

287 705 419 780 undique
444 724 481 764 ex
505 713 579 782 agris
607 713 828 780 concurrerunt,
850 708 1029 783 praesidium
1059 708 1290 768 Lacedaemoni·

287 817 372 870 orum
400 830 437 870 ex
464 831 532 870 arce
563 813 748 888 pepuIErunt
778 814 903 889 patriam
935 814 1092 873 obsidione
1123 815 1291 886 liberarunt,

259 922 422 992 5auctores
446 917 597 976 Cadmeae
622 918 816 994 occupandae
842 919 948 994 partim
976 920 1160 992 occiderunt,
1185 921 1291 996 partim

287 1023 317 1080 iu
339 1023 472 1081 exsilium
494 1023 653 1082 eiecerunt.

328 1129 380 1187 IV.
409 1130 479 1187 Hoc
504 1140 565 1187 tam
593 1129 711 1189 turbido
740 1139 883 1205 tempore,
909 1137 984 1189 sicut
1011 1137 1100 1207 supra
1127 1130 1291 1203 docuimus,

288 1234 520 1309 Epaminondas
549 1236 649 1310 quoad
679 1254 747 1293 cum
780 1237 891 1296 civibus
922 1237 1096 1295 dimicatum
1128 1248 1182 1310 est,
1211 1237 1292 1297 domi

287 1341 404 1415 quietus
435 1340 497 1398 fuit.
554 1342 658 1416 Itaque
690 1341 764 1399 haec
800 1341 987 1400 liberatarum
1021 1343 1189 1402 Thibarum
1226 1361 1291 1418 pro-

238 1478 265 1509 ιο
287 1447 352 1522 pria
388 1447 452 1505 laus
487 1458 531 1506 est
567 1448 736 1522 Pelopidae,
773 1453 889 1506 ceterae
925 1449 985 1506 iere
1019 1455 1194 1508 communes
1225 1468 1292 1508 cum

261 1572 263 1577 ·
288 1553 505 1629 Epaminonda.
556 1555 693 1628 Namque
719 1554 873 1612 Iseuctrica
894 1560 993 1630 pugna
1013 1555 1192 1630 imperatore
1215 1557 1291 1629 Epa-

287 1658 431 1717 minonda
456 1659 504 1716 hic
532 1660 585 1717 suit
613 1660 674 1718 dux
699 1659 834 1718 delectae
861 1666 973 1731 maniis,
999 1679 1076 1735 quae
1101 1667 1196 1736 prima
1221 1661 1291 1735 pha-

286 1766 403 1841 langem
429 1766 582 1839 prostravit
608 1767 769 1823 laconum.
812 1765 958 1825 Omnibus
983 1772 1137 1842 praeterea
1157 1766 1293 1841 periculis

287 1871 349 1928 eius
387 1871 620 1942 adsuit-sicut,
657 1873 792 1946 Spartam
832 1890 900 1929 curn
940 1872 1130 1947 oppugnavit,
1170 1872 1293 1929 alterum

239 2005 263 2050 ις
287 1977 382 2035 tenuit
408 1982 676 2051 comi—quoque
706 1979 844 2035 Messena
872 1978 995 2035 celerius
1020 1979 1230 2048 restitueretur,
1252 1978 1292 2035 le-

286 2089 371 2159 gatus
398 2083 429 2141 in
457 2083 558 2141 Persas
587 2092 632 2141 est
659 2083 818 2159 proiectus.
862 2084 998 2159 Denique
1024 2083 1099 2142 haec
1124 2084 1178 2143 suit
1203 2083 1292 2141 altera

287 2194 414 2265 persona
436 2189 557 2262 Thebis,
579 2188 632 2248 sed
658 2199 758 2247 tamen
783 2190 915 2249 secunda
935 2190 985 2262 ita,
1005 2201 1037 2248 ut
1059 2190 1196 2265 proxima
1217 2200 1292 2248 esset

288 2294 525 2370 Epaminondae.

326 2403 363 2459 V.
392 2400 585 2460 Conflictatus
605 2411 704 2459 autem
725 2412 769 2459 est
790 2402 878 2460 etiam
898 2402 1021 2461 adversa
1041 2402 1171 2461 fortima.
1215 2402 1291 2459 Nam

236 2535 265 2567 ιο
287 2516 317 2565 et
345 2507 438 2579 initio,
466 2513 540 2565 sicut
568 2505 761 2579 ostendimus,
791 2508 872 2565 exsul
904 2508 998 2584 patria
1029 2508 1122 2565 caruit
1158 2518 1197 2580 et,
1225 2526 1290 2564 cum

285 2612 469 2671 Thessaliam
504 2613 533 2671 in
562 2619 740 2688 potestatem
769 2612 980 2672 ThEbanorum
1008 2624 1131 2689 cuperet
1159 2613 1291 2689 redigere

287 2719 498 2795 legationisque
522 2719 585 2776 hire
610 2719 679 2777 satis
702 2724 814 2777 tectum
837 2725 868 2777 se
889 2720 1086 2791 arbitraretur,
1108 2720 1192 2794 quod
1214 2718 1290 2794 apud

287 2830 391 2884 omnes
411 2829 515 2901 gentes
536 2830 670 2883 sanctum
692 2843 757 2883 esse
779 2831 958 2897 consuesset,
981 2832 999 2883 a
1020 2830 1145 2899 tyranno
1167 2825 1289 2883 Alexan-

286 2930 341 2989 dro
370 2932 502 2989 Pheraeo
527 2931 612 2989 simul
636 2949 705 2988 cum
732 2932 862 2991 Ismenia
886 2932 1117 3007 comprehensus
1142 2932 1174 2989 in
1197 2931 1292 2989 vincla

236 3063 262 3111 25
286 3037 438 3095 coniectus
460 3046 513 3094 est.
557 3037 647 3093 Hunc
670 3037 892 3111 Epaminondas
914 3038 1106 3113 recuperavit,
1127 3037 1207 3097 bello
1228 3055 1292 3113 per·

285 3147 413 3218 sequens
440 3140 649 3200 Alexandrum.
703 3145 773 3201 Post
801 3143 832 3201 id
860 3144 970 3201 iactum
1000 3162 1163 3219 numquam
1193 3144 1291 3201 animo

286 3249 396 3324 placari
423 3248 520 3322 potuit
548 3247 579 3305 in
607 3266 685 3319 eum,
707 3254 725 3305 a
749 3254 808 3322 quo
835 3260 896 3307 erat
920 3249 1051 3308 violatus.
1096 3250 1203 3324 Itaque
1228 3268 1291 3325 per·

285 3353 375 3412 suasit
409 3352 560 3412 Thebanis
596 3363 629 3410 ut
665 3352 796 3412 subsidio
832 3355 1001 3412 Thessaliae
1037 3356 1293 3430 proficiscerentur

285 3464 483 3536 tyrannusque
509 3459 572 3517 Eius
597 3460 787 3534 expellerent.
830 3460 921 3519 Cirius
946 3461 1014 3519 belli
1038 3479 1107 3519 cum
1129 3468 1157 3519 ei
1179 3479 1293 3519 summa

234 3594 262 3640 30
285 3575 363 3624 esset
387 3564 458 3623 data
482 3570 578 3640 eoque
607 3584 674 3623 cum
703 3565 834 3623 exercitu
863 3565 1014 3641 profectus
1042 3576 1129 3639 esset,
1151 3572 1214 3625 non
1240 3565 1291 3623 du-

284 3674 395 3743 bitavit,
425 3672 510 3729 simul
537 3690 573 3728 ac
601 3673 757 3745 conspexit
784 3672 910 3745 hostem,
936 3672 1104 3747 confligere.
1162 3674 1199 3731 In
1233 3676 1292 3747 quo

284 3776 399 3853 proelio
426 3771 628 3832 Alexandrum
656 3784 688 3831 ut
716 3773 931 3848 animadvertit,
953 3776 1089 3836 incensus
1114 3783 1158 3836 ira
1183 3795 1291 3853 equum
