<?xml version="1.0" encoding="UTF-8"?>
<!DOCTYPE html PUBLIC "-//W3C//DTD XHTML 1.0 Transitional//EN"
    "http://www.w3.org/TR/xhtml1/DTD/xhtml1-transitional.dtd">
<html xmlns="http://www.w3.org/1999/xhtml" xml:lang="en" lang="en">
 <head>
  <title>
</title>
<meta http-equiv="Content-Type" content="text/html;charset=utf-8" />
  <meta name='ocr-system' content='tesseract 3.04.00' />
  <meta name='ocr-capabilities' content='ocr_page ocr_carea ocr_par ocr_line ocrx_word'/>
</head>
<body>
  <div class='ocr_page' id='page_1' title='image "./corneliinepotis26nepogoog_0071.png"; bbox 0 0 2817 4250; ppageno 0'>
   <div class='ocr_carea' id='block_1_1' title="bbox 525 811 715 885">
    <p class='ocr_par' dir='ltr' id='par_1_1' title="bbox 525 811 715 885">
     <span class='ocr_line' id='line_1_1' title="bbox 525 811 715 885; baseline 0.005 -2"><span class='ocrx_word' id='word_1_1' title='bbox 525 827 562 883; x_wconf 86' lang='lat' dir='ltr'>x.</span> <span class='ocrx_word' id='word_1_2' title='bbox 598 811 715 885; x_wconf 76' lang='lat' dir='ltr'>meu.</span> 
     </span>
    </p>
   </div>
   <div class='ocr_carea' id='block_1_2' title="bbox 109 1009 1182 1826">
    <p class='ocr_par' dir='ltr' id='par_1_2' title="bbox 109 1009 1182 1720">
     <span class='ocr_line' id='line_1_2' title="bbox 154 1009 1119 1086; baseline 0.003 -19"><span class='ocrx_word' id='word_1_3' title='bbox 154 1011 180 1068; x_wconf 90' lang='lat'>1.</span> <span class='ocrx_word' id='word_1_4' title='bbox 211 1009 301 1080; x_wconf 81' lang='lat' dir='ltr'>Dien,</span> <span class='ocrx_word' id='word_1_5' title='bbox 336 1011 494 1085; x_wconf 81' lang='lat' dir='ltr'>Hipparini</span> <span class='ocrx_word' id='word_1_6' title='bbox 529 1010 617 1083; x_wconf 82' lang='lat' dir='ltr'>iilius,</span> <span class='ocrx_word' id='word_1_7' title='bbox 652 1012 856 1086; x_wconf 77' lang='lat' dir='ltr'>Syrircirsenus,</span> <span class='ocrx_word' id='word_1_8' title='bbox 886 1011 977 1070; x_wconf 83' lang='lat' dir='ltr'>nebili</span> <span class='ocrx_word' id='word_1_9' title='bbox 1010 1030 1119 1086; x_wconf 84' lang='lat' dir='ltr'>genere</span> 
     </span>
     <span class='ocr_line' id='line_1_3' title="bbox 109 1103 1182 1191; baseline 0.003 -20"><span class='ocrx_word' id='word_1_10' title='bbox 109 1121 208 1186; x_wconf 74' lang='lat' dir='ltr'>uetus,</span> <span class='ocrx_word' id='word_1_11' title='bbox 233 1122 358 1191; x_wconf 77' lang='lat' dir='ltr'>utreque</span> <span class='ocrx_word' id='word_1_12' title='bbox 386 1117 552 1191; x_wconf 66' lang='lat' dir='ltr'>implicitus</span> <span class='ocrx_word' id='word_1_13' title='bbox 580 1115 735 1191; x_wconf 87' lang='lat' dir='ltr'>tyrannide</span> <span class='ocrx_word' id='word_1_14' title='bbox 764 1117 984 1190; x_wconf 63' lang='lat' dir='ltr'>Dionisierum.</span> <span class='ocrx_word' id='word_1_15' title='bbox 1027 1118 1118 1174; x_wconf 91' lang='lat' dir='ltr'>Nam·</span> <span class='ocrx_word' id='word_1_16' title='bbox 1178 1103 1182 1112; x_wconf 49' lang='lat'><strong><em>¹</em></strong></span> 
     </span>
     <span class='ocr_line' id='line_1_4' title="bbox 110 1221 1120 1297; baseline 0.001 -19"><span class='ocrx_word' id='word_1_17' title='bbox 110 1239 172 1296; x_wconf 93' lang='lat' dir='ltr'>que</span> <span class='ocrx_word' id='word_1_18' title='bbox 193 1221 241 1279; x_wconf 93' lang='lat' dir='ltr'>ille</span> <span class='ocrx_word' id='word_1_19' title='bbox 263 1223 399 1297; x_wconf 86' lang='lat' dir='ltr'>superior</span> <span class='ocrx_word' id='word_1_20' title='bbox 418 1221 653 1295; x_wconf 87' lang='lat' dir='ltr'>Aristomachen,</span> <span class='ocrx_word' id='word_1_21' title='bbox 675 1227 806 1280; x_wconf 79' lang='lat' dir='ltr'>sorerem</span> <span class='ocrx_word' id='word_1_22' title='bbox 830 1223 944 1294; x_wconf 83' lang='lat' dir='ltr'>Dienis,</span> <span class='ocrx_word' id='word_1_23' title='bbox 965 1223 1068 1282; x_wconf 91' lang='lat' dir='ltr'>habuit</span> <span class='ocrx_word' id='word_1_24' title='bbox 1090 1224 1120 1280; x_wconf 94' lang='lat' dir='ltr'>in</span> 
     </span>
     <span class='ocr_line' id='line_1_5' title="bbox 112 1328 1119 1404; baseline 0.001 -19"><span class='ocrx_word' id='word_1_25' title='bbox 112 1328 311 1400; x_wconf 76' lang='lat' dir='ltr'>metrimenie‚</span> <span class='ocrx_word' id='word_1_26' title='bbox 334 1346 371 1385; x_wconf 89' lang='lat' dir='ltr'>ex</span> <span class='ocrx_word' id='word_1_27' title='bbox 395 1335 454 1402; x_wconf 70' lang='lat' dir='ltr'>que</span> <span class='ocrx_word' id='word_1_28' title='bbox 477 1329 554 1386; x_wconf 82' lang='lat' dir='ltr'>dues</span> <span class='ocrx_word' id='word_1_29' title='bbox 578 1329 667 1400; x_wconf 80' lang='lat' dir='ltr'>filies,</span> <span class='ocrx_word' id='word_1_30' title='bbox 690 1330 889 1404; x_wconf 84' lang='lat' dir='ltr'>Hipparinum</span> <span class='ocrx_word' id='word_1_31' title='bbox 915 1339 945 1387; x_wconf 93' lang='lat' dir='ltr'>et</span> <span class='ocrx_word' id='word_1_32' title='bbox 969 1329 1119 1400; x_wconf 87' lang='lat' dir='ltr'>Nisaeum,</span> 
     </span>
     <span class='ocr_line' id='line_1_6' title="bbox 112 1434 1165 1510; baseline 0.001 -19"><span class='ocrx_word' id='word_1_33' title='bbox 112 1434 279 1509; x_wconf 75' lang='lat' dir='ltr'>preereevit</span> <span class='ocrx_word' id='word_1_34' title='bbox 302 1434 487 1509; x_wconf 90' lang='lat' dir='ltr'>totidemque</span> <span class='ocrx_word' id='word_1_35' title='bbox 514 1435 601 1506; x_wconf 80' lang='lat' dir='ltr'>filies,</span> <span class='ocrx_word' id='word_1_36' title='bbox 623 1435 744 1492; x_wconf 81' lang='lat' dir='ltr'>nemine</span> <span class='ocrx_word' id='word_1_37' title='bbox 766 1435 975 1510; x_wconf 71' lang='lat' dir='ltr'>Sephrosynen</span> <span class='ocrx_word' id='word_1_38' title='bbox 996 1445 1026 1492; x_wconf 91' lang='lat' dir='ltr'>et</span> <span class='ocrx_word' id='word_1_39' title='bbox 1048 1438 1118 1492; x_wconf 91' lang='lat' dir='ltr'>Are·</span> <span class='ocrx_word' id='word_1_40' title='bbox 1153 1460 1165 1508; x_wconf 74' lang='grc' dir='ltr'><strong>ς</strong></span> 
     </span>
     <span class='ocr_line' id='line_1_7' title="bbox 112 1540 1119 1615; baseline 0.001 -18"><span class='ocrx_word' id='word_1_41' title='bbox 112 1545 174 1610; x_wconf 89' lang='lat' dir='ltr'>ten,</span> <span class='ocrx_word' id='word_1_42' title='bbox 204 1546 327 1614; x_wconf 79' lang='lat' dir='ltr'>querum</span> <span class='ocrx_word' id='word_1_43' title='bbox 355 1541 484 1614; x_wconf 79' lang='lat' dir='ltr'>prierem</span> <span class='ocrx_word' id='word_1_44' title='bbox 513 1541 657 1615; x_wconf 61' lang='lat' dir='ltr'>Dionysii&gt;</span> <span class='ocrx_word' id='word_1_45' title='bbox 687 1540 761 1612; x_wconf 76' lang='lat' dir='ltr'>filie,</span> <span class='ocrx_word' id='word_1_46' title='bbox 791 1540 889 1598; x_wconf 90' lang='lat' dir='ltr'>eidem</span> <span class='ocrx_word' id='word_1_47' title='bbox 918 1547 966 1598; x_wconf 92' lang='lat' dir='ltr'>cui</span> <span class='ocrx_word' id='word_1_48' title='bbox 996 1545 1119 1615; x_wconf 89' lang='lat' dir='ltr'>regnum</span> 
     </span>
     <span class='ocr_line' id='line_1_8' title="bbox 111 1645 919 1720; baseline 0.001 -18"><span class='ocrx_word' id='word_1_49' title='bbox 111 1645 238 1720; x_wconf 90' lang='lat' dir='ltr'>reliquit,</span> <span class='ocrx_word' id='word_1_50' title='bbox 260 1651 384 1720; x_wconf 74' lang='lat' dir='ltr'>neptum</span> <span class='ocrx_word' id='word_1_51' title='bbox 408 1645 500 1715; x_wconf 91' lang='lat' dir='ltr'>dedit,</span> <span class='ocrx_word' id='word_1_52' title='bbox 523 1646 654 1719; x_wconf 87' lang='lat' dir='ltr'>alteram,</span> <span class='ocrx_word' id='word_1_53' title='bbox 676 1649 797 1717; x_wconf 88' lang='lat' dir='ltr'>Areten,</span> <span class='ocrx_word' id='word_1_54' title='bbox 821 1646 919 1704; x_wconf 79' lang='lat' dir='ltr'>Dieni.</span> 
     </span>
    </p>

    <p class='ocr_par' dir='ltr' id='par_1_3' title="bbox 155 1752 1117 1826">
     <span class='ocr_line' id='line_1_9' title="bbox 155 1752 1117 1826; baseline 0 -17"><span class='ocrx_word' id='word_1_55' title='bbox 155 1752 236 1809; x_wconf 79' lang='lat' dir='ltr'>Dieu</span> <span class='ocrx_word' id='word_1_56' title='bbox 252 1761 351 1809; x_wconf 88' lang='lat' dir='ltr'>autem</span> <span class='ocrx_word' id='word_1_57' title='bbox 369 1761 487 1826; x_wconf 91' lang='lat' dir='ltr'>praeter</span> <span class='ocrx_word' id='word_1_58' title='bbox 505 1757 679 1826; x_wconf 77' lang='lat' dir='ltr'>generesam</span> <span class='ocrx_word' id='word_1_59' title='bbox 701 1753 952 1826; x_wconf 74' lang='lat' dir='ltr'>propinquitetem</span> <span class='ocrx_word' id='word_1_60' title='bbox 973 1752 1117 1810; x_wconf 83' lang='lat' dir='ltr'>nebilem-</span> 
     </span>
    </p>
   </div>
   <div class='ocr_carea' id='block_1_3' title="bbox 77 1857 1169 2145">
    <p class='ocr_par' dir='ltr' id='par_1_4' title="bbox 77 1857 1169 2145">
     <span class='ocr_line' id='line_1_10' title="bbox 77 1857 1117 1932; baseline 0.001 -18"><span class='ocrx_word' id='word_1_61' title='bbox 77 1902 79 1907; x_wconf 69' lang='lat'>,</span> <span class='ocrx_word' id='word_1_62' title='bbox 110 1876 171 1932; x_wconf 90' lang='lat' dir='ltr'>que</span> <span class='ocrx_word' id='word_1_63' title='bbox 200 1858 343 1915; x_wconf 75' lang='lat' dir='ltr'>meierum</span> <span class='ocrx_word' id='word_1_64' title='bbox 373 1857 487 1914; x_wconf 77' lang='lat' dir='ltr'>fernam</span> <span class='ocrx_word' id='word_1_65' title='bbox 516 1857 607 1915; x_wconf 90' lang='lat' dir='ltr'>multa</span> <span class='ocrx_word' id='word_1_66' title='bbox 631 1858 688 1915; x_wconf 88' lang='lat' dir='ltr'>alia</span> <span class='ocrx_word' id='word_1_67' title='bbox 713 1858 751 1916; x_wconf 89' lang='lat' dir='ltr'>ab</span> <span class='ocrx_word' id='word_1_68' title='bbox 775 1864 879 1916; x_wconf 81' lang='lat' dir='ltr'>nettirai</span> <span class='ocrx_word' id='word_1_69' title='bbox 904 1858 1005 1916; x_wconf 89' lang='lat' dir='ltr'>habuit</span> <span class='ocrx_word' id='word_1_70' title='bbox 1029 1858 1117 1929; x_wconf 90' lang='lat' dir='ltr'>bona,</span> 
     </span>
     <span class='ocr_line' id='line_1_11' title="bbox 110 1963 1169 2038; baseline 0.002 -18"><span class='ocrx_word' id='word_1_71' title='bbox 110 1964 141 2020; x_wconf 92' lang='lat' dir='ltr'>in</span> <span class='ocrx_word' id='word_1_72' title='bbox 170 1969 213 2021; x_wconf 90' lang='lat' dir='ltr'>eis</span> <span class='ocrx_word' id='word_1_73' title='bbox 240 1963 390 2038; x_wconf 86' lang='lat' dir='ltr'>ingenium</span> <span class='ocrx_word' id='word_1_74' title='bbox 419 1963 527 2034; x_wconf 90' lang='lat' dir='ltr'>docile,</span> <span class='ocrx_word' id='word_1_75' title='bbox 555 1969 652 2035; x_wconf 78' lang='lat' dir='ltr'>cerne,</span> <span class='ocrx_word' id='word_1_76' title='bbox 680 1974 782 2038; x_wconf 92' lang='lat' dir='ltr'>aptum</span> <span class='ocrx_word' id='word_1_77' title='bbox 810 1964 849 2021; x_wconf 90' lang='lat' dir='ltr'>ad</span> <span class='ocrx_word' id='word_1_78' title='bbox 877 1968 954 2021; x_wconf 87' lang='lat' dir='ltr'>artes</span> <span class='ocrx_word' id='word_1_79' title='bbox 982 1965 1117 2038; x_wconf 73' lang='lat' dir='ltr'>optimis,</span> <span class='ocrx_word' id='word_1_80' title='bbox 1143 1992 1169 2022; x_wconf 79' lang='grc' dir='ltr'>ιο</span> 
     </span>
     <span class='ocr_line' id='line_1_12' title="bbox 110 2067 1116 2145; baseline 0.001 -18"><span class='ocrx_word' id='word_1_81' title='bbox 110 2076 250 2145; x_wconf 74' lang='lat' dir='ltr'>megnam</span> <span class='ocrx_word' id='word_1_82' title='bbox 279 2069 412 2145; x_wconf 90' lang='lat' dir='ltr'>corporis</span> <span class='ocrx_word' id='word_1_83' title='bbox 440 2067 622 2145; x_wconf 79' lang='lat' dir='ltr'>dignitetem,</span> <span class='ocrx_word' id='word_1_84' title='bbox 652 2087 728 2145; x_wconf 88' lang='lat' dir='ltr'>quae</span> <span class='ocrx_word' id='word_1_85' title='bbox 756 2074 817 2128; x_wconf 79' lang='lat' dir='ltr'>nen</span> <span class='ocrx_word' id='word_1_86' title='bbox 849 2069 1003 2127; x_wconf 90' lang='lat' dir='ltr'>minimum</span> <span class='ocrx_word' id='word_1_87' title='bbox 1035 2088 1116 2128; x_wconf 92' lang='lat' dir='ltr'>com-</span> 
     </span>
    </p>
   </div>
   <div class='ocr_carea' id='block_1_4' title="bbox 104 2174 1165 3838">
    <p class='ocr_par' dir='ltr' id='par_1_5' title="bbox 104 2174 1165 3838">
     <span class='ocr_line' id='line_1_13' title="bbox 110 2174 1118 2251; baseline 0.002 -18"><span class='ocrx_word' id='word_1_88' title='bbox 110 2176 243 2247; x_wconf 90' lang='lat' dir='ltr'>mendat,</span> <span class='ocrx_word' id='word_1_89' title='bbox 266 2182 385 2251; x_wconf 74' lang='lat' dir='ltr'>megnes</span> <span class='ocrx_word' id='word_1_90' title='bbox 413 2181 567 2250; x_wconf 73' lang='lat' dir='ltr'>praeteree</span> <span class='ocrx_word' id='word_1_91' title='bbox 594 2174 710 2233; x_wconf 75' lang='lat' dir='ltr'>divitiis</span> <span class='ocrx_word' id='word_1_92' title='bbox 738 2182 756 2233; x_wconf 78' lang='lat' dir='ltr'>e</span> <span class='ocrx_word' id='word_1_93' title='bbox 783 2186 866 2251; x_wconf 91' lang='lat' dir='ltr'>patre</span> <span class='ocrx_word' id='word_1_94' title='bbox 894 2177 1019 2247; x_wconf 68' lang='lat' dir='ltr'>relictis,</span> <span class='ocrx_word' id='word_1_95' title='bbox 1045 2183 1118 2251; x_wconf 81' lang='lat' dir='ltr'>ques</span> 
     </span>
     <span class='ocr_line' id='line_1_14' title="bbox 109 2281 1117 2358; baseline 0.002 -19"><span class='ocrx_word' id='word_1_96' title='bbox 109 2283 174 2356; x_wconf 89' lang='lat' dir='ltr'>ipse</span> <span class='ocrx_word' id='word_1_97' title='bbox 203 2288 318 2357; x_wconf 88' lang='lat' dir='ltr'>tyranni</span> <span class='ocrx_word' id='word_1_98' title='bbox 345 2281 514 2341; x_wconf 73' lang='lat' dir='ltr'>mineribus</span> <span class='ocrx_word' id='word_1_99' title='bbox 542 2292 671 2340; x_wconf 84' lang='lat' dir='ltr'>auxerat.</span> <span class='ocrx_word' id='word_1_100' title='bbox 724 2284 795 2340; x_wconf 87' lang='lat' dir='ltr'>Erat</span> <span class='ocrx_word' id='word_1_101' title='bbox 824 2282 943 2340; x_wconf 92' lang='lat' dir='ltr'>intimus</span> <span class='ocrx_word' id='word_1_102' title='bbox 973 2283 1117 2358; x_wconf 71' lang='lat' dir='ltr'>Dionysii&gt;</span> 
     </span>
     <span class='ocr_line' id='line_1_15' title="bbox 110 2388 1116 2463; baseline 0.001 -17"><span class='ocrx_word' id='word_1_103' title='bbox 110 2388 210 2462; x_wconf 78' lang='lat' dir='ltr'>prierI,</span> <span class='ocrx_word' id='word_1_104' title='bbox 239 2406 335 2462; x_wconf 91' lang='lat' dir='ltr'>neque</span> <span class='ocrx_word' id='word_1_105' title='bbox 370 2388 466 2445; x_wconf 91' lang='lat' dir='ltr'>minus</span> <span class='ocrx_word' id='word_1_106' title='bbox 501 2398 625 2463; x_wconf 89' lang='lat' dir='ltr'>propter</span> <span class='ocrx_word' id='word_1_107' title='bbox 660 2392 758 2446; x_wconf 80' lang='lat' dir='ltr'>meres</span> <span class='ocrx_word' id='word_1_108' title='bbox 793 2407 882 2462; x_wconf 91' lang='lat' dir='ltr'>quam</span> <span class='ocrx_word' id='word_1_109' title='bbox 917 2388 1116 2447; x_wconf 71' lang='lat' dir='ltr'>adfinitatem.</span> 
     </span>
     <span class='ocr_line' id='line_1_16' title="bbox 110 2492 1165 2579; baseline 0 -28"><span class='ocrx_word' id='word_1_110' title='bbox 110 2494 251 2568; x_wconf 90' lang='lat' dir='ltr'>Namque</span> <span class='ocrx_word' id='word_1_111' title='bbox 286 2500 341 2551; x_wconf 92' lang='lat' dir='ltr'>etsi</span> <span class='ocrx_word' id='word_1_112' title='bbox 375 2494 511 2568; x_wconf 69' lang='lat' dir='ltr'>Dionysii</span> <span class='ocrx_word' id='word_1_113' title='bbox 545 2492 701 2551; x_wconf 73' lang='lat' dir='ltr'>credelites</span> <span class='ocrx_word' id='word_1_114' title='bbox 736 2500 764 2552; x_wconf 91' lang='lat' dir='ltr'>ei</span> <span class='ocrx_word' id='word_1_115' title='bbox 800 2494 986 2569; x_wconf 86' lang='lat' dir='ltr'>displicebat,</span> <span class='ocrx_word' id='word_1_116' title='bbox 1012 2505 1117 2579; x_wconf 61' lang='lat' dir='ltr'>tamen</span> <span class='ocrx_word' id='word_1_117' title='bbox 1141 2518 1165 2565; x_wconf 75' lang='grc' dir='ltr'>ις</span> 
     </span>
     <span class='ocr_line' id='line_1_17' title="bbox 110 2599 1117 2675; baseline 0.002 -18"><span class='ocrx_word' id='word_1_118' title='bbox 110 2600 223 2657; x_wconf 76' lang='lat' dir='ltr'>salvum</span> <span class='ocrx_word' id='word_1_119' title='bbox 245 2610 366 2675; x_wconf 92' lang='lat' dir='ltr'>propter</span> <span class='ocrx_word' id='word_1_120' title='bbox 386 2599 646 2671; x_wconf 77' lang='lat' dir='ltr'>necessitudinem,</span> <span class='ocrx_word' id='word_1_121' title='bbox 661 2600 754 2675; x_wconf 84' lang='lat' dir='ltr'>magis</span> <span class='ocrx_word' id='word_1_122' title='bbox 776 2600 865 2657; x_wconf 89' lang='lat' dir='ltr'>etiam</span> <span class='ocrx_word' id='word_1_123' title='bbox 888 2605 1007 2658; x_wconf 82' lang='lat' dir='ltr'>suerum</span> <span class='ocrx_word' id='word_1_124' title='bbox 1028 2607 1117 2659; x_wconf 82' lang='lat' dir='ltr'>cause</span> 
     </span>
     <span class='ocr_line' id='line_1_18' title="bbox 109 2705 1115 2781; baseline -0.001 -16"><span class='ocrx_word' id='word_1_125' title='bbox 109 2706 257 2766; x_wconf 91' lang='lat' dir='ltr'>studebat.</span> <span class='ocrx_word' id='word_1_126' title='bbox 299 2705 410 2764; x_wconf 89' lang='lat' dir='ltr'>Aderat</span> <span class='ocrx_word' id='word_1_127' title='bbox 438 2706 469 2764; x_wconf 93' lang='lat' dir='ltr'>in</span> <span class='ocrx_word' id='word_1_128' title='bbox 493 2712 606 2781; x_wconf 77' lang='lat' dir='ltr'>megnis</span> <span class='ocrx_word' id='word_1_129' title='bbox 628 2706 725 2777; x_wconf 88' lang='lat' dir='ltr'>rebus,</span> <span class='ocrx_word' id='word_1_130' title='bbox 747 2705 868 2781; x_wconf 89' lang='lat' dir='ltr'>eiusque</span> <span class='ocrx_word' id='word_1_131' title='bbox 892 2707 1017 2764; x_wconf 80' lang='lat' dir='ltr'>censilie</span> <span class='ocrx_word' id='word_1_132' title='bbox 1042 2707 1115 2765; x_wconf 89' lang='lat' dir='ltr'>mul-</span> 
     </span>
     <span class='ocr_line' id='line_1_19' title="bbox 109 2811 1114 2888; baseline 0 -18"><span class='ocrx_word' id='word_1_133' title='bbox 109 2822 172 2870; x_wconf 91' lang='lat' dir='ltr'>tum</span> <span class='ocrx_word' id='word_1_134' title='bbox 195 2812 368 2871; x_wconf 72' lang='lat' dir='ltr'>movebitur</span> <span class='ocrx_word' id='word_1_135' title='bbox 389 2822 537 2887; x_wconf 85' lang='lat' dir='ltr'>tyrannus,</span> <span class='ocrx_word' id='word_1_136' title='bbox 551 2812 607 2870; x_wconf 92' lang='lat' dir='ltr'>nisi</span> <span class='ocrx_word' id='word_1_137' title='bbox 628 2818 686 2886; x_wconf 80' lang='lat' dir='ltr'>que</span> <span class='ocrx_word' id='word_1_138' title='bbox 709 2812 739 2869; x_wconf 90' lang='lat' dir='ltr'>in</span> <span class='ocrx_word' id='word_1_139' title='bbox 759 2816 791 2870; x_wconf 91' lang='lat' dir='ltr'>re</span> <span class='ocrx_word' id='word_1_140' title='bbox 813 2811 906 2870; x_wconf 80' lang='lat' dir='ltr'>meior</span> <span class='ocrx_word' id='word_1_141' title='bbox 923 2811 1013 2886; x_wconf 88' lang='lat' dir='ltr'>ipsius</span> <span class='ocrx_word' id='word_1_142' title='bbox 1033 2813 1114 2888; x_wconf 92' lang='lat' dir='ltr'>cupi-</span> 
     </span>
     <span class='ocr_line' id='line_1_20' title="bbox 108 2918 1114 2993; baseline 0 -16"><span class='ocrx_word' id='word_1_143' title='bbox 108 2919 186 2977; x_wconf 78' lang='lat' dir='ltr'>ditas</span> <span class='ocrx_word' id='word_1_144' title='bbox 213 2918 428 2977; x_wconf 88' lang='lat' dir='ltr'>intercesserat.</span> <span class='ocrx_word' id='word_1_145' title='bbox 471 2918 647 2993; x_wconf 65' lang='lat' dir='ltr'>ffgetienes</span> <span class='ocrx_word' id='word_1_146' title='bbox 673 2923 745 2976; x_wconf 80' lang='lat' dir='ltr'>vere</span> <span class='ocrx_word' id='word_1_147' title='bbox 773 2923 886 2991; x_wconf 87' lang='lat' dir='ltr'>omnes,</span> <span class='ocrx_word' id='word_1_148' title='bbox 910 2937 986 2993; x_wconf 89' lang='lat' dir='ltr'>quae</span> <span class='ocrx_word' id='word_1_149' title='bbox 1014 2930 1114 2978; x_wconf 89' lang='lat' dir='ltr'>essent</span> 
     </span>
     <span class='ocr_line' id='line_1_21' title="bbox 107 3023 1164 3099; baseline 0.001 -17"><span class='ocrx_word' id='word_1_150' title='bbox 107 3024 297 3095; x_wconf 83' lang='lat' dir='ltr'>inlirstrieres,</span> <span class='ocrx_word' id='word_1_151' title='bbox 322 3042 377 3099; x_wconf 90' lang='lat' dir='ltr'>per</span> <span class='ocrx_word' id='word_1_152' title='bbox 405 3024 534 3082; x_wconf 78' lang='lat' dir='ltr'>Dicinem</span> <span class='ocrx_word' id='word_1_153' title='bbox 562 3023 861 3097; x_wconf 77' lang='lat' dir='ltr'>administrebantur3</span> <span class='ocrx_word' id='word_1_154' title='bbox 890 3030 962 3099; x_wconf 72' lang='lat' dir='ltr'>ques</span> <span class='ocrx_word' id='word_1_155' title='bbox 990 3024 1111 3098; x_wconf 90' lang='lat' dir='ltr'>quidem</span> <span class='ocrx_word' id='word_1_156' title='bbox 1136 3051 1164 3083; x_wconf 88' lang='lat'>20</span> 
     </span>
     <span class='ocr_line' id='line_1_22' title="bbox 107 3129 1112 3205; baseline 0.001 -18"><span class='ocrx_word' id='word_1_157' title='bbox 107 3131 155 3189; x_wconf 90' lang='lat' dir='ltr'>ille</span> <span class='ocrx_word' id='word_1_158' title='bbox 191 3129 349 3205; x_wconf 89' lang='lat' dir='ltr'>diligenter</span> <span class='ocrx_word' id='word_1_159' title='bbox 386 3130 536 3202; x_wconf 72' lang='lat' dir='ltr'>obeundi),</span> <span class='ocrx_word' id='word_1_160' title='bbox 571 3129 698 3188; x_wconf 89' lang='lat' dir='ltr'>fideliter</span> <span class='ocrx_word' id='word_1_161' title='bbox 736 3129 970 3188; x_wconf 74' lang='lat' dir='ltr'>administrandi&gt;</span> <span class='ocrx_word' id='word_1_162' title='bbox 1009 3129 1112 3188; x_wconf 84' lang='lat' dir='ltr'>enide-</span> 
     </span>
     <span class='ocr_line' id='line_1_23' title="bbox 106 3234 1114 3311; baseline 0 -18"><span class='ocrx_word' id='word_1_163' title='bbox 106 3237 250 3295; x_wconf 89' lang='lat' dir='ltr'>lissimum</span> <span class='ocrx_word' id='word_1_164' title='bbox 280 3241 390 3293; x_wconf 84' lang='lat' dir='ltr'>nemen</span> <span class='ocrx_word' id='word_1_165' title='bbox 419 3242 534 3311; x_wconf 86' lang='lat' dir='ltr'>tyranni</span> <span class='ocrx_word' id='word_1_166' title='bbox 558 3241 609 3293; x_wconf 76' lang='lat' dir='ltr'>sue</span> <span class='ocrx_word' id='word_1_167' title='bbox 634 3236 815 3294; x_wconf 74' lang='lat' dir='ltr'>hemenitete</span> <span class='ocrx_word' id='word_1_168' title='bbox 840 3234 978 3294; x_wconf 85' lang='lat' dir='ltr'>leniebat.</span> <span class='ocrx_word' id='word_1_169' title='bbox 1023 3236 1114 3293; x_wconf 91' lang='lat' dir='ltr'>Hunc</span> 
     </span>
     <span class='ocr_line' id='line_1_24' title="bbox 106 3340 1114 3416; baseline -0.001 -16"><span class='ocrx_word' id='word_1_170' title='bbox 106 3349 124 3400; x_wconf 75' lang='lat' dir='ltr'>e</span> <span class='ocrx_word' id='word_1_171' title='bbox 157 3342 304 3416; x_wconf 68' lang='lat' dir='ltr'>Dionysii)</span> <span class='ocrx_word' id='word_1_172' title='bbox 336 3348 455 3399; x_wconf 88' lang='lat' dir='ltr'>missurn</span> <span class='ocrx_word' id='word_1_173' title='bbox 486 3340 745 3416; x_wconf 67' lang='lat' dir='ltr'>Carthaginienses</span> <span class='ocrx_word' id='word_1_174' title='bbox 776 3347 819 3399; x_wconf 90' lang='lat' dir='ltr'>sic</span> <span class='ocrx_word' id='word_1_175' title='bbox 851 3345 1054 3416; x_wconf 85' lang='lat' dir='ltr'>suspexerunt,</span> <span class='ocrx_word' id='word_1_176' title='bbox 1083 3353 1114 3400; x_wconf 93' lang='lat' dir='ltr'>ut</span> 
     </span>
     <span class='ocr_line' id='line_1_25' title="bbox 105 3446 1114 3522; baseline 0 -16"><span class='ocrx_word' id='word_1_177' title='bbox 105 3448 258 3506; x_wconf 87' lang='lat' dir='ltr'>neminem</span> <span class='ocrx_word' id='word_1_178' title='bbox 286 3465 428 3522; x_wconf 91' lang='lat' dir='ltr'>umquam</span> <span class='ocrx_word' id='word_1_179' title='bbox 456 3449 572 3506; x_wconf 79' lang='lat' dir='ltr'>Graece</span> <span class='ocrx_word' id='word_1_180' title='bbox 599 3446 697 3521; x_wconf 77' lang='lat' dir='ltr'>lingue</span> <span class='ocrx_word' id='word_1_181' title='bbox 724 3447 898 3522; x_wconf 90' lang='lat' dir='ltr'>loquentem</span> <span class='ocrx_word' id='word_1_182' title='bbox 929 3448 1022 3522; x_wconf 85' lang='lat' dir='ltr'>magis</span> <span class='ocrx_word' id='word_1_183' title='bbox 1057 3449 1114 3506; x_wconf 92' lang='lat' dir='ltr'>sint</span> 
     </span>
     <span class='ocr_line' id='line_1_26' title="bbox 104 3553 1162 3630; baseline 0.002 -18"><span class='ocrx_word' id='word_1_184' title='bbox 104 3553 251 3613; x_wconf 58' lang='lat' dir='ltr'>admisisti·</span> <span class='ocrx_word' id='word_1_185' title='bbox 1136 3582 1162 3630; x_wconf 86' lang='lat'>25</span> 
     </span>
     <span class='ocr_line' id='line_1_27' title="bbox 146 3658 1113 3735; baseline 0 -17"><span class='ocrx_word' id='word_1_186' title='bbox 146 3661 189 3719; x_wconf 94' lang='lat' dir='ltr'>II.</span> <span class='ocrx_word' id='word_1_187' title='bbox 214 3660 321 3735; x_wconf 88' lang='lat' dir='ltr'>Neque</span> <span class='ocrx_word' id='word_1_188' title='bbox 341 3664 412 3717; x_wconf 83' lang='lat' dir='ltr'>vere</span> <span class='ocrx_word' id='word_1_189' title='bbox 431 3659 504 3717; x_wconf 91' lang='lat' dir='ltr'>haec</span> <span class='ocrx_word' id='word_1_190' title='bbox 524 3658 699 3734; x_wconf 68' lang='lat' dir='ltr'>Dionysium</span> <span class='ocrx_word' id='word_1_191' title='bbox 719 3660 870 3735; x_wconf 84' lang='lat' dir='ltr'>fugiebant</span> <span class='ocrx_word' id='word_1_192' title='bbox 880 3680 889 3733; x_wconf 88' lang='lat'>;</span> <span class='ocrx_word' id='word_1_193' title='bbox 912 3678 980 3717; x_wconf 88' lang='lat' dir='ltr'>nam</span> <span class='ocrx_word' id='word_1_194' title='bbox 1001 3666 1113 3734; x_wconf 79' lang='lat' dir='ltr'>quante</span> 
     </span>
     <span class='ocr_line' id='line_1_28' title="bbox 104 3765 1113 3838; baseline 0 -13"><span class='ocrx_word' id='word_1_195' title='bbox 104 3777 183 3827; x_wconf 88' lang='lat' dir='ltr'>esset</span> <span class='ocrx_word' id='word_1_196' title='bbox 209 3766 265 3825; x_wconf 93' lang='lat' dir='ltr'>sibi</span> <span class='ocrx_word' id='word_1_197' title='bbox 288 3770 471 3837; x_wconf 78' lang='lat' dir='ltr'>ememente,</span> <span class='ocrx_word' id='word_1_198' title='bbox 497 3765 651 3824; x_wconf 86' lang='lat' dir='ltr'>sentiebat.</span> <span class='ocrx_word' id='word_1_199' title='bbox 694 3766 764 3838; x_wconf 81' lang='lat' dir='ltr'>Que</span> <span class='ocrx_word' id='word_1_200' title='bbox 789 3765 887 3825; x_wconf 84' lang='lat' dir='ltr'>siebat</span> <span class='ocrx_word' id='word_1_201' title='bbox 912 3776 944 3823; x_wconf 92' lang='lat' dir='ltr'>ut</span> <span class='ocrx_word' id='word_1_202' title='bbox 968 3771 1020 3824; x_wconf 75' lang='lat' dir='ltr'>tini</span> <span class='ocrx_word' id='word_1_203' title='bbox 1043 3766 1113 3825; x_wconf 91' lang='lat' dir='ltr'>huic</span> 
     </span>
    </p>
   </div>
   <div class='ocr_carea' id='block_1_5' title="bbox 617 3894 648 3949">
    <p class='ocr_par' dir='ltr' id='par_1_6' title="bbox 617 3894 648 3949">
     <span class='ocr_line' id='line_1_29' title="bbox 617 3894 648 3949; baseline 0.065 -2"><span class='ocrx_word' id='word_1_204' title='bbox 617 3894 648 3949; x_wconf 80' lang='lat'>45</span> 
     </span>
    </p>
   </div>
   <div class='ocr_carea' id='block_1_6' title="bbox 0 0 1414 4250">
    <p class='ocr_par' dir='ltr' id='par_1_7' title="bbox 0 0 1414 4250">
     <span class='ocr_line' id='line_1_30' title="bbox 0 0 1414 4250; baseline 0 3"><span class='ocrx_word' id='word_1_205' title='bbox 0 0 1414 4250; x_wconf 95' lang='lat' dir='ltr'> </span> 
     </span>
    </p>
   </div>
  </div>
 </body>
</html>
