<?xml version="1.0" encoding="UTF-8"?>
<!DOCTYPE html PUBLIC "-//W3C//DTD XHTML 1.0 Transitional//EN"
    "http://www.w3.org/TR/xhtml1/DTD/xhtml1-transitional.dtd">
<html xmlns="http://www.w3.org/1999/xhtml" xml:lang="en" lang="en">
 <head>
  <title>
</title>
<meta http-equiv="Content-Type" content="text/html;charset=utf-8" />
  <meta name='ocr-system' content='tesseract 3.04.00' />
  <meta name='ocr-capabilities' content='ocr_page ocr_carea ocr_par ocr_line ocrx_word'/>
</head>
<body>
  <div class='ocr_page' id='page_1' title='image "./corneliinepotis26nepogoog_0156.png"; bbox 0 0 2817 4250; ppageno 0'>
   <div class='ocr_carea' id='block_1_1' title="bbox 245 312 1290 382">
    <p class='ocr_par' dir='ltr' id='par_1_1' title="bbox 245 312 1290 382">
     <span class='ocr_line' id='line_1_1' title="bbox 245 312 1290 382; baseline 0.002 -18"><span class='ocrx_word' id='word_1_1' title='bbox 245 317 304 364; x_wconf 87' lang='lat'>122</span> <span class='ocrx_word' id='word_1_2' title='bbox 532 312 700 362; x_wconf 86' lang='lat' dir='ltr'>CORNELII</span> <span class='ocrx_word' id='word_1_3' title='bbox 723 313 871 364; x_wconf 88' lang='lat' dir='ltr'><strong>NEPOTIS</strong></span> <span class='ocrx_word' id='word_1_4' title='bbox 893 315 1001 365; x_wconf 88' lang='lat' dir='ltr'><strong>VITAE</strong></span> <span class='ocrx_word' id='word_1_5' title='bbox 1253 317 1290 382; x_wconf 85' lang='lat' dir='ltr'>[v.</span> 
     </span>
    </p>
   </div>
   <div class='ocr_carea' id='block_1_2' title="bbox 237 485 1296 3838">
    <p class='ocr_par' dir='ltr' id='par_1_2' title="bbox 289 485 1294 882">
     <span class='ocr_line' id='line_1_2' title="bbox 290 485 1293 560; baseline 0.005 -18"><span class='ocrx_word' id='word_1_6' title='bbox 290 496 323 542; x_wconf 91' lang='lat' dir='ltr'>ut</span> <span class='ocrx_word' id='word_1_7' title='bbox 354 485 476 543; x_wconf 82' lang='lat' dir='ltr'>Athenis</span> <span class='ocrx_word' id='word_1_8' title='bbox 505 489 591 543; x_wconf 70' lang='lat' dir='ltr'>nitus</span> <span class='ocrx_word' id='word_1_9' title='bbox 621 485 787 560; x_wconf 81' lang='lat' dir='ltr'>videretu13</span> <span class='ocrx_word' id='word_1_10' title='bbox 822 498 904 546; x_wconf 88' lang='lat' dir='ltr'>tanta</span> <span class='ocrx_word' id='word_1_11' title='bbox 937 498 1037 548; x_wconf 89' lang='lat' dir='ltr'>autem</span> <span class='ocrx_word' id='word_1_12' title='bbox 1072 490 1197 548; x_wconf 73' lang='lat' dir='ltr'>suevitais</span> <span class='ocrx_word' id='word_1_13' title='bbox 1232 502 1293 548; x_wconf 89' lang='lat' dir='ltr'>erat</span> 
     </span>
     <span class='ocr_line' id='line_1_3' title="bbox 290 591 1292 670; baseline 0.005 -22"><span class='ocrx_word' id='word_1_14' title='bbox 290 591 434 649; x_wconf 81' lang='lat' dir='ltr'>sermenis</span> <span class='ocrx_word' id='word_1_15' title='bbox 462 591 568 663; x_wconf 82' lang='lat' dir='ltr'>latini,</span> <span class='ocrx_word' id='word_1_16' title='bbox 596 601 629 649; x_wconf 90' lang='lat' dir='ltr'>ut</span> <span class='ocrx_word' id='word_1_17' title='bbox 656 597 813 667; x_wconf 68' lang='lat' dir='ltr'>appeteret</span> <span class='ocrx_word' id='word_1_18' title='bbox 840 594 870 651; x_wconf 91' lang='lat' dir='ltr'>in</span> <span class='ocrx_word' id='word_1_19' title='bbox 900 599 940 652; x_wconf 79' lang='lat' dir='ltr'>ee</span> <span class='ocrx_word' id='word_1_20' title='bbox 970 600 1100 653; x_wconf 76' lang='lat' dir='ltr'>netivum</span> <span class='ocrx_word' id='word_1_21' title='bbox 1132 595 1292 670; x_wconf 84' lang='lat' dir='ltr'>quemdam</span> 
     </span>
     <span class='ocr_line' id='line_1_4' title="bbox 289 686 1294 775; baseline 0.005 -21"><span class='ocrx_word' id='word_1_22' title='bbox 289 697 423 772; x_wconf 77' lang='lat' dir='ltr'>leporem</span> <span class='ocrx_word' id='word_1_23' title='bbox 448 714 522 769; x_wconf 87' lang='lat' dir='ltr'>esse,</span> <span class='ocrx_word' id='word_1_24' title='bbox 543 702 603 756; x_wconf 79' lang='lat' dir='ltr'>non</span> <span class='ocrx_word' id='word_1_25' title='bbox 628 705 762 756; x_wconf 84' lang='lat' dir='ltr'>ascitum.</span> <span class='ocrx_word' id='word_1_26' title='bbox 801 686 891 757; x_wconf 71' lang='lat' dir='ltr'>idem</span> <span class='ocrx_word' id='word_1_27' title='bbox 919 704 1059 774; x_wconf 88' lang='lat' dir='ltr'>poemata</span> <span class='ocrx_word' id='word_1_28' title='bbox 1086 701 1294 775; x_wconf 78' lang='lat' dir='ltr'>prenflntiaibat</span> 
     </span>
     <span class='ocr_line' id='line_1_5' title="bbox 290 804 1293 882; baseline 0.005 -22"><span class='ocrx_word' id='word_1_29' title='bbox 290 812 321 860; x_wconf 89' lang='lat' dir='ltr'>et</span> <span class='ocrx_word' id='word_1_30' title='bbox 355 804 472 862; x_wconf 89' lang='lat' dir='ltr'>Graece</span> <span class='ocrx_word' id='word_1_31' title='bbox 503 812 533 861; x_wconf 91' lang='lat' dir='ltr'>et</span> <span class='ocrx_word' id='word_1_32' title='bbox 568 804 672 862; x_wconf 88' lang='lat' dir='ltr'>Latine</span> <span class='ocrx_word' id='word_1_33' title='bbox 706 810 758 876; x_wconf 91' lang='lat' dir='ltr'>sic,</span> <span class='ocrx_word' id='word_1_34' title='bbox 786 814 818 862; x_wconf 90' lang='lat' dir='ltr'>ut</span> <span class='ocrx_word' id='word_1_35' title='bbox 851 811 939 880; x_wconf 80' lang='lat' dir='ltr'>supra‘r</span> <span class='ocrx_word' id='word_1_36' title='bbox 971 805 1044 864; x_wconf 89' lang='lat' dir='ltr'>nihil</span> <span class='ocrx_word' id='word_1_37' title='bbox 1079 817 1181 882; x_wconf 91' lang='lat' dir='ltr'>posset</span> <span class='ocrx_word' id='word_1_38' title='bbox 1214 806 1293 865; x_wconf 91' lang='lat' dir='ltr'>addi.</span> 
     </span>
    </p>

    <p class='ocr_par' dir='ltr' id='par_1_3' title="bbox 254 908 1294 1404">
     <span class='ocr_line' id='line_1_6' title="bbox 254 908 1293 987; baseline 0.004 -20"><span class='ocrx_word' id='word_1_39' title='bbox 254 928 265 975; x_wconf 79' lang='lat'>5</span> <span class='ocrx_word' id='word_1_40' title='bbox 290 908 406 982; x_wconf 88' lang='lat' dir='ltr'><strong>Quibus</strong></span> <span class='ocrx_word' id='word_1_41' title='bbox 433 908 521 967; x_wconf 89' lang='lat' dir='ltr'>rebus</span> <span class='ocrx_word' id='word_1_42' title='bbox 549 908 660 967; x_wconf 84' lang='lat' dir='ltr'>sactum</span> <span class='ocrx_word' id='word_1_43' title='bbox 688 920 733 968; x_wconf 92' lang='lat' dir='ltr'>est</span> <span class='ocrx_word' id='word_1_44' title='bbox 760 920 793 968; x_wconf 92' lang='lat' dir='ltr'>ut</span> <span class='ocrx_word' id='word_1_45' title='bbox 821 911 899 970; x_wconf 87' lang='lat' dir='ltr'>Sulla</span> <span class='ocrx_word' id='word_1_46' title='bbox 926 930 1071 987; x_wconf 85' lang='lat' dir='ltr'><strong>nusquam</strong></span> <span class='ocrx_word' id='word_1_47' title='bbox 1100 931 1169 970; x_wconf 88' lang='lat' dir='ltr'>eum</span> <span class='ocrx_word' id='word_1_48' title='bbox 1196 913 1237 971; x_wconf 87' lang='lat' dir='ltr'>ab</span> <span class='ocrx_word' id='word_1_49' title='bbox 1262 918 1293 971; x_wconf 92' lang='lat' dir='ltr'>se</span> 
     </span>
     <span class='ocr_line' id='line_1_7' title="bbox 290 1012 1293 1092; baseline 0.005 -21"><span class='ocrx_word' id='word_1_50' title='bbox 290 1012 451 1072; x_wconf 89' lang='lat' dir='ltr'>dimitteret</span> <span class='ocrx_word' id='word_1_51' title='bbox 479 1024 660 1089; x_wconf 90' lang='lat' dir='ltr'>cuperetque</span> <span class='ocrx_word' id='word_1_52' title='bbox 691 1020 793 1073; x_wconf 89' lang='lat' dir='ltr'>secum</span> <span class='ocrx_word' id='word_1_53' title='bbox 824 1015 983 1075; x_wconf 71' lang='lat' dir='ltr'>dedecere.</span> <span class='ocrx_word' id='word_1_54' title='bbox 1039 1018 1097 1077; x_wconf 90' lang='lat' dir='ltr'>Cui</span> <span class='ocrx_word' id='word_1_55' title='bbox 1126 1036 1196 1075; x_wconf 92' lang='lat' dir='ltr'>cum</span> <span class='ocrx_word' id='word_1_56' title='bbox 1228 1036 1293 1092; x_wconf 90' lang='lat' dir='ltr'>per-</span> 
     </span>
     <span class='ocr_line' id='line_1_8' title="bbox 290 1117 1292 1194; baseline 0 -18"><span class='ocrx_word' id='word_1_57' title='bbox 290 1118 413 1177; x_wconf 76' lang='lat' dir='ltr'>suedere</span> <span class='ocrx_word' id='word_1_58' title='bbox 450 1123 617 1191; x_wconf 76' lang='lat' dir='ltr'>tempteret,</span> <span class='ocrx_word' id='word_1_59' title='bbox 649 1119 756 1188; x_wconf 83' lang='lat' dir='ltr'>“Neli,</span> <span class='ocrx_word' id='word_1_60' title='bbox 788 1123 841 1176; x_wconf 77' lang='lat' dir='ltr'>ere</span> <span class='ocrx_word' id='word_1_61' title='bbox 875 1120 935 1190; x_wconf 86' lang='lat' dir='ltr'>te‚”</span> <span class='ocrx_word' id='word_1_62' title='bbox 971 1117 1068 1192; x_wconf 89' lang='lat' dir='ltr'>inquit</span> <span class='ocrx_word' id='word_1_63' title='bbox 1103 1121 1292 1194; x_wconf 72' lang='lat' dir='ltr'>Pompenius</span> 
     </span>
     <span class='ocr_line' id='line_1_9' title="bbox 290 1223 1294 1298; baseline 0 -16"><span class='ocrx_word' id='word_1_64' title='bbox 290 1224 473 1284; x_wconf 88' lang='lat' dir='ltr'>“adversum</span> <span class='ocrx_word' id='word_1_65' title='bbox 502 1229 554 1282; x_wconf 77' lang='lat' dir='ltr'>ees</span> <span class='ocrx_word' id='word_1_66' title='bbox 579 1228 627 1282; x_wconf 92' lang='lat' dir='ltr'>me</span> <span class='ocrx_word' id='word_1_67' title='bbox 651 1224 726 1282; x_wconf 92' lang='lat' dir='ltr'>velle</span> <span class='ocrx_word' id='word_1_68' title='bbox 752 1223 871 1295; x_wconf 77' lang='lat' dir='ltr'>deicere,</span> <span class='ocrx_word' id='word_1_69' title='bbox 896 1242 966 1282; x_wconf 90' lang='lat' dir='ltr'>cum</span> <span class='ocrx_word' id='word_1_70' title='bbox 990 1224 1097 1298; x_wconf 93' lang='lat' dir='ltr'>quibus</span> <span class='ocrx_word' id='word_1_71' title='bbox 1125 1229 1164 1282; x_wconf 85' lang='lat' dir='ltr'>ne</span> <span class='ocrx_word' id='word_1_72' title='bbox 1193 1229 1294 1282; x_wconf 75' lang='lat' dir='ltr'>contre</span> 
     </span>
     <span class='ocr_line' id='line_1_10' title="bbox 290 1316 1293 1404; baseline -0.001 -16"><span class='ocrx_word' id='word_1_73' title='bbox 290 1335 320 1388; x_wconf 88' lang='lat' dir='ltr'>te</span> <span class='ocrx_word' id='word_1_74' title='bbox 348 1349 429 1388; x_wconf 78' lang='lat' dir='ltr'>arim</span> <span class='ocrx_word' id='word_1_75' title='bbox 458 1329 573 1401; x_wconf 83' lang='lat' dir='ltr'>serrem,</span> <span class='ocrx_word' id='word_1_76' title='bbox 596 1316 714 1387; x_wconf 81' lang='lat' dir='ltr'>ltaliam</span> <span class='ocrx_word' id='word_1_77' title='bbox 743 1329 874 1404; x_wconf 89' lang='lat' dir='ltr'>reliqui.”</span> <span class='ocrx_word' id='word_1_78' title='bbox 925 1331 964 1387; x_wconf 93' lang='lat' dir='ltr'>At</span> <span class='ocrx_word' id='word_1_79' title='bbox 991 1329 1070 1388; x_wconf 88' lang='lat' dir='ltr'>Sulla</span> <span class='ocrx_word' id='word_1_80' title='bbox 1097 1328 1293 1388; x_wconf 89' lang='lat' dir='ltr'>adulescentis</span> 
     </span>
    </p>

    <p class='ocr_par' dir='ltr' id='par_1_4' title="bbox 242 1435 1293 1616">
     <span class='ocr_line' id='line_1_11' title="bbox 242 1435 1293 1510; baseline 0 -16"><span class='ocrx_word' id='word_1_81' title='bbox 242 1463 268 1494; x_wconf 84' lang='lat' dir='ltr'>ro</span> <span class='ocrx_word' id='word_1_82' title='bbox 291 1435 390 1494; x_wconf 79' lang='lat' dir='ltr'>officie</span> <span class='ocrx_word' id='word_1_83' title='bbox 417 1435 595 1494; x_wconf 76' lang='lat' dir='ltr'>conlaudato</span> <span class='ocrx_word' id='word_1_84' title='bbox 622 1435 724 1492; x_wconf 90' lang='lat' dir='ltr'>omnia</span> <span class='ocrx_word' id='word_1_85' title='bbox 751 1439 873 1494; x_wconf 80' lang='lat' dir='ltr'>mimera</span> <span class='ocrx_word' id='word_1_86' title='bbox 900 1441 937 1508; x_wconf 89' lang='lat' dir='ltr'>ei,</span> <span class='ocrx_word' id='word_1_87' title='bbox 958 1453 1036 1510; x_wconf 90' lang='lat' dir='ltr'>quae</span> <span class='ocrx_word' id='word_1_88' title='bbox 1060 1436 1185 1494; x_wconf 87' lang='lat' dir='ltr'>Athenis</span> <span class='ocrx_word' id='word_1_89' title='bbox 1209 1440 1293 1494; x_wconf 89' lang='lat' dir='ltr'>acce·</span> 
     </span>
     <span class='ocr_line' id='line_1_12' title="bbox 290 1540 834 1616; baseline -0.004 -16"><span class='ocrx_word' id='word_1_90' title='bbox 290 1551 383 1616; x_wconf 87' lang='lat' dir='ltr'>perat,</span> <span class='ocrx_word' id='word_1_91' title='bbox 404 1542 594 1616; x_wconf 86' lang='lat' dir='ltr'>proficiscens</span> <span class='ocrx_word' id='word_1_92' title='bbox 614 1541 697 1599; x_wconf 88' lang='lat' dir='ltr'>iussit</span> <span class='ocrx_word' id='word_1_93' title='bbox 717 1540 834 1599; x_wconf 81' lang='lat' dir='ltr'>deferri.</span> 
     </span>
    </p>

    <p class='ocr_par' dir='ltr' id='par_1_5' title="bbox 290 1646 1296 1934">
     <span class='ocr_line' id='line_1_13' title="bbox 332 1646 1296 1722; baseline 0 -18"><span class='ocrx_word' id='word_1_94' title='bbox 332 1648 392 1705; x_wconf 87' lang='lat' dir='ltr'>Hic</span> <span class='ocrx_word' id='word_1_95' title='bbox 425 1647 593 1722; x_wconf 74' lang='lat' dir='ltr'>compleres</span> <span class='ocrx_word' id='word_1_96' title='bbox 622 1650 717 1705; x_wconf 76' lang='lat' dir='ltr'>annes</span> <span class='ocrx_word' id='word_1_97' title='bbox 747 1652 887 1717; x_wconf 72' lang='lat' dir='ltr'>motetus,</span> <span class='ocrx_word' id='word_1_98' title='bbox 915 1665 984 1705; x_wconf 90' lang='lat' dir='ltr'>cum</span> <span class='ocrx_word' id='word_1_99' title='bbox 1019 1656 1050 1705; x_wconf 90' lang='lat' dir='ltr'>et</span> <span class='ocrx_word' id='word_1_100' title='bbox 1084 1653 1127 1705; x_wconf 89' lang='lat' dir='ltr'>rei</span> <span class='ocrx_word' id='word_1_101' title='bbox 1161 1646 1296 1704; x_wconf 81' lang='lat' dir='ltr'>familia&#39;rri</span> 
     </span>
     <span class='ocr_line' id='line_1_14' title="bbox 290 1752 1295 1828; baseline -0.001 -17"><span class='ocrx_word' id='word_1_102' title='bbox 290 1763 405 1811; x_wconf 88' lang='lat' dir='ltr'>tantum</span> <span class='ocrx_word' id='word_1_103' title='bbox 437 1770 544 1827; x_wconf 81' lang='lat' dir='ltr'>operae</span> <span class='ocrx_word' id='word_1_104' title='bbox 579 1752 671 1823; x_wconf 89' lang='lat' dir='ltr'>daret,</span> <span class='ocrx_word' id='word_1_105' title='bbox 700 1763 844 1827; x_wconf 87' lang='lat' dir='ltr'>quantum</span> <span class='ocrx_word' id='word_1_106' title='bbox 882 1757 943 1811; x_wconf 78' lang='lat' dir='ltr'>nen</span> <span class='ocrx_word' id='word_1_107' title='bbox 977 1752 1135 1828; x_wconf 74' lang='lat' dir='ltr'>indiligens</span> <span class='ocrx_word' id='word_1_108' title='bbox 1170 1752 1295 1811; x_wconf 90' lang='lat' dir='ltr'>deberet</span> 
     </span>
     <span class='ocr_line' id='line_1_15' title="bbox 290 1858 1294 1934; baseline 0 -18"><span class='ocrx_word' id='word_1_109' title='bbox 290 1869 376 1934; x_wconf 90' lang='lat' dir='ltr'>pater</span> <span class='ocrx_word' id='word_1_110' title='bbox 402 1858 535 1930; x_wconf 66' lang='lat' dir='ltr'>familiis,</span> <span class='ocrx_word' id='word_1_111' title='bbox 556 1870 587 1916; x_wconf 92' lang='lat' dir='ltr'>et</span> <span class='ocrx_word' id='word_1_112' title='bbox 614 1859 715 1916; x_wconf 89' lang='lat' dir='ltr'>omnia</span> <span class='ocrx_word' id='word_1_113' title='bbox 743 1859 856 1933; x_wconf 89' lang='lat' dir='ltr'>reliqua</span> <span class='ocrx_word' id='word_1_114' title='bbox 879 1868 1018 1934; x_wconf 87' lang='lat' dir='ltr'>tempora</span> <span class='ocrx_word' id='word_1_115' title='bbox 1041 1869 1092 1917; x_wconf 90' lang='lat' dir='ltr'>aut</span> <span class='ocrx_word' id='word_1_116' title='bbox 1116 1859 1221 1917; x_wconf 87' lang='lat' dir='ltr'>litteris</span> <span class='ocrx_word' id='word_1_117' title='bbox 1246 1869 1294 1917; x_wconf 88' lang='lat' dir='ltr'>aut</span> 
     </span>
    </p>

    <p class='ocr_par' dir='ltr' id='par_1_6' title="bbox 242 1964 1295 2464">
     <span class='ocr_line' id='line_1_16' title="bbox 242 1964 1293 2038; baseline 0.001 -18"><span class='ocrx_word' id='word_1_118' title='bbox 242 1988 266 2034; x_wconf 78' lang='grc' dir='ltr'>ις</span> <span class='ocrx_word' id='word_1_119' title='bbox 290 1964 514 2022; x_wconf 69' lang='lat' dir='ltr'>Atheniensium</span> <span class='ocrx_word' id='word_1_120' title='bbox 541 1970 584 2021; x_wconf 91' lang='lat' dir='ltr'>rei</span> <span class='ocrx_word' id='word_1_121' title='bbox 607 1965 744 2038; x_wconf 81' lang='lat' dir='ltr'>piiblicae</span> <span class='ocrx_word' id='word_1_122' title='bbox 773 1965 924 2036; x_wconf 85' lang='lat' dir='ltr'>tribueret,</span> <span class='ocrx_word' id='word_1_123' title='bbox 946 1964 1039 2023; x_wconf 78' lang='lat' dir='ltr'>nihile</span> <span class='ocrx_word' id='word_1_124' title='bbox 1067 1965 1165 2023; x_wconf 87' lang='lat' dir='ltr'>minus</span> <span class='ocrx_word' id='word_1_125' title='bbox 1194 1971 1293 2022; x_wconf 88' lang='lat' dir='ltr'>amicis</span> 
     </span>
     <span class='ocr_line' id='line_1_17' title="bbox 290 2069 1293 2145; baseline -0.002 -16"><span class='ocrx_word' id='word_1_126' title='bbox 290 2071 402 2129; x_wconf 76' lang='lat' dir='ltr'>urbena</span> <span class='ocrx_word' id='word_1_127' title='bbox 423 2069 521 2128; x_wconf 88' lang='lat' dir='ltr'>officia</span> <span class='ocrx_word' id='word_1_128' title='bbox 540 2071 685 2145; x_wconf 87' lang='lat' dir='ltr'>praestitit</span> <span class='ocrx_word' id='word_1_129' title='bbox 695 2091 704 2143; x_wconf 84' lang='lat'>;</span> <span class='ocrx_word' id='word_1_130' title='bbox 732 2089 801 2128; x_wconf 89' lang='lat' dir='ltr'>nam</span> <span class='ocrx_word' id='word_1_131' title='bbox 824 2081 854 2129; x_wconf 94' lang='lat' dir='ltr'>et</span> <span class='ocrx_word' id='word_1_132' title='bbox 874 2069 914 2129; x_wconf 88' lang='lat' dir='ltr'>ad</span> <span class='ocrx_word' id='word_1_133' title='bbox 934 2070 1056 2129; x_wconf 87' lang='lat' dir='ltr'>comitia</span> <span class='ocrx_word' id='word_1_134' title='bbox 1077 2075 1180 2129; x_wconf 78' lang='lat' dir='ltr'>ebrum</span> <span class='ocrx_word' id='word_1_135' title='bbox 1203 2071 1293 2130; x_wconf 87' lang='lat' dir='ltr'>venti·</span> 
     </span>
     <span class='ocr_line' id='line_1_18' title="bbox 290 2175 1294 2250; baseline -0.001 -16"><span class='ocrx_word' id='word_1_136' title='bbox 290 2178 361 2234; x_wconf 77' lang='lat' dir='ltr'>tevit</span> <span class='ocrx_word' id='word_1_137' title='bbox 389 2186 428 2247; x_wconf 92' lang='lat' dir='ltr'>et,</span> <span class='ocrx_word' id='word_1_138' title='bbox 457 2182 482 2233; x_wconf 90' lang='lat' dir='ltr'>si</span> <span class='ocrx_word' id='word_1_139' title='bbox 509 2190 567 2250; x_wconf 91' lang='lat' dir='ltr'>qua</span> <span class='ocrx_word' id='word_1_140' title='bbox 595 2180 641 2235; x_wconf 88' lang='lat' dir='ltr'>res</span> <span class='ocrx_word' id='word_1_141' title='bbox 670 2178 763 2234; x_wconf 77' lang='lat' dir='ltr'>meior</span> <span class='ocrx_word' id='word_1_142' title='bbox 790 2182 857 2234; x_wconf 77' lang='lat' dir='ltr'>ecta</span> <span class='ocrx_word' id='word_1_143' title='bbox 883 2186 937 2248; x_wconf 88' lang='lat' dir='ltr'>est,</span> <span class='ocrx_word' id='word_1_144' title='bbox 966 2182 1026 2234; x_wconf 78' lang='lat' dir='ltr'>nen</span> <span class='ocrx_word' id='word_1_145' title='bbox 1056 2175 1160 2234; x_wconf 89' lang='lat' dir='ltr'>defuit.</span> <span class='ocrx_word' id='word_1_146' title='bbox 1216 2177 1294 2235; x_wconf 88' lang='lat' dir='ltr'>Sicut</span> 
     </span>
     <span class='ocr_line' id='line_1_19' title="bbox 290 2282 1293 2357; baseline -0.002 -16"><span class='ocrx_word' id='word_1_147' title='bbox 290 2283 429 2341; x_wconf 80' lang='lat' dir='ltr'>Cicereni</span> <span class='ocrx_word' id='word_1_148' title='bbox 469 2283 500 2339; x_wconf 88' lang='lat' dir='ltr'>in</span> <span class='ocrx_word' id='word_1_149' title='bbox 537 2284 675 2340; x_wconf 92' lang='lat' dir='ltr'>omnibus</span> <span class='ocrx_word' id='word_1_150' title='bbox 715 2284 777 2341; x_wconf 86' lang='lat' dir='ltr'>eius</span> <span class='ocrx_word' id='word_1_151' title='bbox 815 2283 950 2357; x_wconf 87' lang='lat' dir='ltr'>periculis</span> <span class='ocrx_word' id='word_1_152' title='bbox 984 2282 1161 2357; x_wconf 77' lang='lat' dir='ltr'>singulerem</span> <span class='ocrx_word' id='word_1_153' title='bbox 1205 2282 1293 2340; x_wconf 87' lang='lat' dir='ltr'>fidem</span> 
     </span>
     <span class='ocr_line' id='line_1_20' title="bbox 290 2388 1295 2464; baseline 0 -18"><span class='ocrx_word' id='word_1_154' title='bbox 290 2388 445 2464; x_wconf 88' lang='lat' dir='ltr'>praebuit;</span> <span class='ocrx_word' id='word_1_155' title='bbox 482 2395 530 2446; x_wconf 90' lang='lat' dir='ltr'>cui</span> <span class='ocrx_word' id='word_1_156' title='bbox 560 2407 596 2446; x_wconf 82' lang='lat' dir='ltr'>ex</span> <span class='ocrx_word' id='word_1_157' title='bbox 629 2390 724 2464; x_wconf 76' lang='lat' dir='ltr'>patrie</span> <span class='ocrx_word' id='word_1_158' title='bbox 753 2388 875 2464; x_wconf 79' lang='lat' dir='ltr'>fugienti</span> <span class='ocrx_word' id='word_1_159' title='bbox 906 2389 1072 2446; x_wconf 76' lang='lat' dir='ltr'>sestertium</span> <span class='ocrx_word' id='word_1_160' title='bbox 1104 2388 1236 2446; x_wconf 86' lang='lat' dir='ltr'>ducenta</span> <span class='ocrx_word' id='word_1_161' title='bbox 1266 2399 1295 2446; x_wconf 92' lang='lat' dir='ltr'>et</span> 
     </span>
    </p>

    <p class='ocr_par' dir='ltr' id='par_1_7' title="bbox 239 2494 1295 2976">
     <span class='ocr_line' id='line_1_21' title="bbox 239 2494 1293 2569; baseline -0.001 -18"><span class='ocrx_word' id='word_1_162' title='bbox 239 2520 268 2551; x_wconf 79' lang='lat'>20</span> <span class='ocrx_word' id='word_1_163' title='bbox 290 2494 502 2569; x_wconf 71' lang='lat' dir='ltr'>quinquegintai</span> <span class='ocrx_word' id='word_1_164' title='bbox 535 2495 614 2551; x_wconf 88' lang='lat' dir='ltr'>milia</span> <span class='ocrx_word' id='word_1_165' title='bbox 647 2494 777 2552; x_wconf 72' lang='lat' dir='ltr'>demerit.</span> <span class='ocrx_word' id='word_1_166' title='bbox 834 2494 1039 2568; x_wconf 75' lang='lat' dir='ltr'>Tranquilletis</span> <span class='ocrx_word' id='word_1_167' title='bbox 1073 2504 1171 2551; x_wconf 88' lang='lat' dir='ltr'>autem</span> <span class='ocrx_word' id='word_1_168' title='bbox 1208 2494 1293 2552; x_wconf 88' lang='lat' dir='ltr'>rebus</span> 
     </span>
     <span class='ocr_line' id='line_1_22' title="bbox 290 2600 1293 2675; baseline -0.002 -18"><span class='ocrx_word' id='word_1_169' title='bbox 290 2602 433 2659; x_wconf 76' lang='lat' dir='ltr'>Remenis</span> <span class='ocrx_word' id='word_1_170' title='bbox 456 2600 623 2674; x_wconf 76' lang='lat' dir='ltr'>remigrevit</span> <span class='ocrx_word' id='word_1_171' title='bbox 646 2601 785 2671; x_wconf 80' lang='lat' dir='ltr'>Remam,</span> <span class='ocrx_word' id='word_1_172' title='bbox 807 2610 839 2658; x_wconf 91' lang='lat' dir='ltr'>ut</span> <span class='ocrx_word' id='word_1_173' title='bbox 863 2606 969 2675; x_wconf 88' lang='lat' dir='ltr'>opinor</span> <span class='ocrx_word' id='word_1_174' title='bbox 994 2600 1027 2657; x_wconf 93' lang='lat' dir='ltr'>L.</span> <span class='ocrx_word' id='word_1_175' title='bbox 1049 2600 1140 2657; x_wconf 74' lang='lat' dir='ltr'>Cotta</span> <span class='ocrx_word' id='word_1_176' title='bbox 1165 2600 1200 2656; x_wconf 93' lang='lat' dir='ltr'>L.</span> <span class='ocrx_word' id='word_1_177' title='bbox 1221 2601 1293 2658; x_wconf 89' lang='lat' dir='ltr'>Tor-</span> 
     </span>
     <span class='ocr_line' id='line_1_23' title="bbox 290 2705 1295 2780; baseline 0 -17"><span class='ocrx_word' id='word_1_178' title='bbox 290 2711 380 2780; x_wconf 71' lang='lat' dir='ltr'>quete</span> <span class='ocrx_word' id='word_1_179' title='bbox 405 2705 594 2777; x_wconf 75' lang='lat' dir='ltr'>censulibus5</span> <span class='ocrx_word' id='word_1_180' title='bbox 622 2723 712 2780; x_wconf 90' lang='lat' dir='ltr'>quem</span> <span class='ocrx_word' id='word_1_181' title='bbox 737 2705 942 2763; x_wconf 89' lang='lat' dir='ltr'>discedentem</span> <span class='ocrx_word' id='word_1_182' title='bbox 966 2712 1008 2763; x_wconf 88' lang='lat' dir='ltr'>sic</span> <span class='ocrx_word' id='word_1_183' title='bbox 1031 2706 1168 2763; x_wconf 80' lang='lat' dir='ltr'>universa</span> <span class='ocrx_word' id='word_1_184' title='bbox 1193 2706 1295 2763; x_wconf 77' lang='lat' dir='ltr'>civitas</span> 
     </span>
     <span class='ocr_line' id='line_1_24' title="bbox 290 2810 1295 2885; baseline 0 -16"><span class='ocrx_word' id='word_1_185' title='bbox 290 2812 512 2869; x_wconf 89' lang='lat' dir='ltr'>Atheniensium</span> <span class='ocrx_word' id='word_1_186' title='bbox 543 2816 701 2885; x_wconf 81' lang='lat' dir='ltr'>presecrita</span> <span class='ocrx_word' id='word_1_187' title='bbox 731 2821 785 2883; x_wconf 92' lang='lat' dir='ltr'>est,</span> <span class='ocrx_word' id='word_1_188' title='bbox 812 2821 846 2868; x_wconf 91' lang='lat' dir='ltr'>ut</span> <span class='ocrx_word' id='word_1_189' title='bbox 877 2810 1003 2869; x_wconf 87' lang='lat' dir='ltr'>lacrimis</span> <span class='ocrx_word' id='word_1_190' title='bbox 1034 2810 1174 2869; x_wconf 87' lang='lat' dir='ltr'>desiderii</span> <span class='ocrx_word' id='word_1_191' title='bbox 1210 2812 1295 2869; x_wconf 74' lang='lat' dir='ltr'>sirleti</span> 
     </span>
     <span class='ocr_line' id='line_1_25' title="bbox 290 2917 599 2976; baseline -0.006 0"><span class='ocrx_word' id='word_1_192' title='bbox 290 2917 424 2976; x_wconf 80' lang='lat' dir='ltr'>dolorem</span> <span class='ocrx_word' id='word_1_193' title='bbox 445 2918 599 2975; x_wconf 74' lang='lat' dir='ltr'>indiceret.</span> 
     </span>
    </p>

    <p class='ocr_par' dir='ltr' id='par_1_8' title="bbox 239 3022 1295 3521">
     <span class='ocr_line' id='line_1_26' title="bbox 239 3022 1294 3098; baseline 0.004 -21"><span class='ocrx_word' id='word_1_194' title='bbox 239 3048 264 3093; x_wconf 80' lang='lat'>²5</span> <span class='ocrx_word' id='word_1_195' title='bbox 327 3025 364 3083; x_wconf 89' lang='lat' dir='ltr'>V.</span> <span class='ocrx_word' id='word_1_196' title='bbox 395 3025 536 3082; x_wconf 86' lang='lat' dir='ltr'>Habebat</span> <span class='ocrx_word' id='word_1_197' title='bbox 559 3024 736 3082; x_wconf 89' lang='lat' dir='ltr'>avunculum</span> <span class='ocrx_word' id='word_1_198' title='bbox 761 3024 799 3097; x_wconf 90' lang='lat' dir='ltr'>Q.</span> <span class='ocrx_word' id='word_1_199' title='bbox 826 3022 999 3094; x_wconf 90' lang='lat' dir='ltr'>Caecilium,</span> <span class='ocrx_word' id='word_1_200' title='bbox 1026 3023 1158 3098; x_wconf 90' lang='lat' dir='ltr'>equitem</span> <span class='ocrx_word' id='word_1_201' title='bbox 1184 3026 1294 3081; x_wconf 74' lang='lat' dir='ltr'>Remi-</span> 
     </span>
     <span class='ocr_line' id='line_1_27' title="bbox 289 3128 1293 3201; baseline 0 -14"><span class='ocrx_word' id='word_1_202' title='bbox 289 3148 370 3201; x_wconf 87' lang='lat' dir='ltr'>num,</span> <span class='ocrx_word' id='word_1_203' title='bbox 395 3129 567 3187; x_wconf 76' lang='lat' dir='ltr'>familierem</span> <span class='ocrx_word' id='word_1_204' title='bbox 597 3131 629 3186; x_wconf 92' lang='lat' dir='ltr'>L.</span> <span class='ocrx_word' id='word_1_205' title='bbox 659 3130 780 3198; x_wconf 86' lang='lat' dir='ltr'>Lirculli‚</span> <span class='ocrx_word' id='word_1_206' title='bbox 809 3129 941 3201; x_wconf 89' lang='lat' dir='ltr'>divitem,</span> <span class='ocrx_word' id='word_1_207' title='bbox 970 3128 1144 3186; x_wconf 71' lang='lat' dir='ltr'>difficillime</span> <span class='ocrx_word' id='word_1_208' title='bbox 1171 3135 1293 3199; x_wconf 75' lang='lat' dir='ltr'>netirre3</span> 
     </span>
     <span class='ocr_line' id='line_1_28' title="bbox 288 3234 1294 3309; baseline 0 -18"><span class='ocrx_word' id='word_1_209' title='bbox 288 3236 371 3293; x_wconf 83' lang='lat' dir='ltr'>cirius</span> <span class='ocrx_word' id='word_1_210' title='bbox 401 3241 443 3292; x_wconf 88' lang='lat' dir='ltr'>sic</span> <span class='ocrx_word' id='word_1_211' title='bbox 473 3234 662 3309; x_wconf 75' lang='lat' dir='ltr'>asperitetem</span> <span class='ocrx_word' id='word_1_212' title='bbox 692 3235 801 3292; x_wconf 87' lang='lat' dir='ltr'>veritus</span> <span class='ocrx_word' id='word_1_213' title='bbox 832 3244 887 3306; x_wconf 90' lang='lat' dir='ltr'>est,</span> <span class='ocrx_word' id='word_1_214' title='bbox 911 3244 952 3305; x_wconf 91' lang='lat' dir='ltr'>ut,</span> <span class='ocrx_word' id='word_1_215' title='bbox 981 3251 1072 3308; x_wconf 92' lang='lat' dir='ltr'>quem</span> <span class='ocrx_word' id='word_1_216' title='bbox 1099 3238 1191 3292; x_wconf 78' lang='lat' dir='ltr'>neme</span> <span class='ocrx_word' id='word_1_217' title='bbox 1220 3235 1294 3291; x_wconf 90' lang='lat' dir='ltr'>serre</span> 
     </span>
     <span class='ocr_line' id='line_1_29' title="bbox 288 3339 1295 3415; baseline -0.001 -17"><span class='ocrx_word' id='word_1_218' title='bbox 288 3350 398 3415; x_wconf 86' lang='lat' dir='ltr'>posset,</span> <span class='ocrx_word' id='word_1_219' title='bbox 432 3340 517 3398; x_wconf 75' lang='lat' dir='ltr'>herius</span> <span class='ocrx_word' id='word_1_220' title='bbox 550 3340 614 3397; x_wconf 91' lang='lat' dir='ltr'>sine</span> <span class='ocrx_word' id='word_1_221' title='bbox 649 3339 816 3397; x_wconf 79' lang='lat' dir='ltr'>offensiene</span> <span class='ocrx_word' id='word_1_222' title='bbox 851 3339 890 3397; x_wconf 90' lang='lat' dir='ltr'>ad</span> <span class='ocrx_word' id='word_1_223' title='bbox 925 3357 1072 3398; x_wconf 89' lang='lat' dir='ltr'>summam</span> <span class='ocrx_word' id='word_1_224' title='bbox 1107 3345 1295 3399; x_wconf 82' lang='lat' dir='ltr'>senectritem</span> 
     </span>
     <span class='ocr_line' id='line_1_30' title="bbox 287 3439 1292 3521; baseline 0 -18"><span class='ocrx_word' id='word_1_225' title='bbox 287 3446 440 3504; x_wconf 88' lang='lat' dir='ltr'>retinuerit</span> <span class='ocrx_word' id='word_1_226' title='bbox 466 3439 713 3503; x_wconf 85' lang='lat' dir='ltr'>benevolentiam.</span> <span class='ocrx_word' id='word_1_227' title='bbox 769 3445 838 3518; x_wconf 74' lang='lat' dir='ltr'>Qud</span> <span class='ocrx_word' id='word_1_228' title='bbox 867 3447 945 3504; x_wconf 78' lang='lat' dir='ltr'>facte</span> <span class='ocrx_word' id='word_1_229' title='bbox 973 3446 1039 3503; x_wconf 90' lang='lat' dir='ltr'>tulit</span> <span class='ocrx_word' id='word_1_230' title='bbox 1067 3446 1186 3521; x_wconf 72' lang='lat' dir='ltr'>pietetis</span> <span class='ocrx_word' id='word_1_231' title='bbox 1219 3446 1292 3505; x_wconf 80' lang='lat' dir='ltr'>inic-</span> 
     </span>
    </p>

    <p class='ocr_par' dir='ltr' id='par_1_9' title="bbox 237 3550 1294 3838">
     <span class='ocr_line' id='line_1_31' title="bbox 237 3550 1294 3626; baseline -0.001 -16"><span class='ocrx_word' id='word_1_232' title='bbox 237 3579 266 3625; x_wconf 86' lang='lat'>30</span> <span class='ocrx_word' id='word_1_233' title='bbox 287 3562 359 3611; x_wconf 92' lang='lat' dir='ltr'>tum.</span> <span class='ocrx_word' id='word_1_234' title='bbox 402 3550 548 3610; x_wconf 90' lang='lat' dir='ltr'>Caecilius</span> <span class='ocrx_word' id='word_1_235' title='bbox 573 3550 650 3607; x_wconf 89' lang='lat' dir='ltr'>enim</span> <span class='ocrx_word' id='word_1_236' title='bbox 681 3550 809 3608; x_wconf 89' lang='lat' dir='ltr'>moriens</span> <span class='ocrx_word' id='word_1_237' title='bbox 837 3556 1015 3609; x_wconf 75' lang='lat' dir='ltr'>testemente</span> <span class='ocrx_word' id='word_1_238' title='bbox 1043 3551 1198 3626; x_wconf 65' lang='lat' dir='ltr'>adoptivit</span> <span class='ocrx_word' id='word_1_239' title='bbox 1227 3570 1294 3610; x_wconf 91' lang='lat' dir='ltr'>eum</span> 
     </span>
     <span class='ocr_line' id='line_1_32' title="bbox 287 3654 1293 3733; baseline 0 -18"><span class='ocrx_word' id='word_1_240' title='bbox 287 3657 488 3731; x_wconf 90' lang='lat' dir='ltr'>heredemque</span> <span class='ocrx_word' id='word_1_241' title='bbox 509 3656 584 3713; x_wconf 84' lang='lat' dir='ltr'>fecit</span> <span class='ocrx_word' id='word_1_242' title='bbox 606 3673 642 3712; x_wconf 86' lang='lat' dir='ltr'>ex</span> <span class='ocrx_word' id='word_1_243' title='bbox 664 3654 809 3713; x_wconf 80' lang='lat' dir='ltr'>dedrante</span> <span class='ocrx_word' id='word_1_244' title='bbox 821 3677 828 3726; x_wconf 92' lang='lat'>;</span> <span class='ocrx_word' id='word_1_245' title='bbox 855 3675 890 3713; x_wconf 90' lang='lat' dir='ltr'>ex</span> <span class='ocrx_word' id='word_1_246' title='bbox 911 3662 969 3731; x_wconf 74' lang='lat' dir='ltr'>que</span> <span class='ocrx_word' id='word_1_247' title='bbox 990 3656 1157 3715; x_wconf 73' lang='lat' dir='ltr'>hereditete</span> <span class='ocrx_word' id='word_1_248' title='bbox 1176 3659 1293 3733; x_wconf 89' lang='lat' dir='ltr'>accepit</span> 
     </span>
     <span class='ocr_line' id='line_1_33' title="bbox 287 3761 1293 3838; baseline 0.002 -19"><span class='ocrx_word' id='word_1_249' title='bbox 287 3764 402 3820; x_wconf 90' lang='lat' dir='ltr'>circiter</span> <span class='ocrx_word' id='word_1_250' title='bbox 440 3761 573 3819; x_wconf 88' lang='lat' dir='ltr'>centiens</span> <span class='ocrx_word' id='word_1_251' title='bbox 612 3762 787 3819; x_wconf 90' lang='lat' dir='ltr'>sestertium.</span> <span class='ocrx_word' id='word_1_252' title='bbox 844 3763 914 3819; x_wconf 89' lang='lat' dir='ltr'>Erat</span> <span class='ocrx_word' id='word_1_253' title='bbox 952 3767 1046 3838; x_wconf 79' lang='lat' dir='ltr'>nitpta</span> <span class='ocrx_word' id='word_1_254' title='bbox 1083 3781 1168 3822; x_wconf 89' lang='lat' dir='ltr'>soror</span> <span class='ocrx_word' id='word_1_255' title='bbox 1205 3764 1293 3822; x_wconf 90' lang='lat' dir='ltr'>Attici</span> 
     </span>
    </p>
   </div>
   <div class='ocr_carea' id='block_1_3' title="bbox 0 0 1416 4250">
    <p class='ocr_par' dir='ltr' id='par_1_10' title="bbox 0 0 1416 4250">
     <span class='ocr_line' id='line_1_34' title="bbox 0 0 1416 4250; baseline 0 0"><span class='ocrx_word' id='word_1_256' title='bbox 0 0 1416 4250; x_wconf 95' lang='lat' dir='ltr'> </span> 
     </span>
    </p>
   </div>
  </div>
 </body>
</html>
