2817 4250
537 855 574 913 v.
602 839 751 938 ciMoN.

183 1031 208 1088 I.
237 1030 355 1103 Ciman,
379 1030 521 1090 Miltiadis
549 1031 639 1104 lilius,
662 1033 858 1107 AthaniansiS,
879 1034 954 1093 dara
983 1033 1146 1092 admodum

139 1135 226 1194 initia
250 1141 318 1194 fisus
344 1147 388 1194 est
413 1136 631 1196 adulascentiae
642 1159 650 1210 ;
679 1157 748 1196 nam
773 1157 841 1206 cum
865 1148 950 1214 pater
974 1140 1036 1198 aius
1064 1141 1146 1198 litem

139 1241 326 1300 aestimatam
364 1243 476 1317 popula
514 1243 627 1302 solvere
665 1250 726 1303 nan
767 1244 910 1320 potuisset
945 1246 986 1305 ob
1020 1264 1145 1320 eamque

139 1365 261 1405 causam
304 1348 334 1405 in
373 1349 476 1407 vinclis
515 1350 640 1424 pablicis
677 1349 862 1423 dacessisset
897 1352 1004 1410 Ciman
1039 1352 1145 1410 eadem

140 1452 278 1511 custadia
319 1455 474 1513 tenabatur
511 1473 608 1530 neque
644 1457 757 1531 lagibus
791 1457 1015 1515 Athaniensium
1050 1458 1180 1537 amitti5
1264 1518 1268 1526 ,

139 1568 268 1634 poterat,
289 1559 344 1616 nisi
369 1561 534 1635 pecaniam,
556 1566 615 1635 qua
638 1571 723 1636 pater
746 1562 884 1620 multatus
909 1573 981 1634 erat,
1002 1563 1145 1621 solvisset.
1171 1608 1173 1614 .

141 1665 285 1730 Habebat
309 1675 408 1723 autem
434 1666 464 1722 in
488 1667 676 1724 matrimania
701 1672 833 1725 sorarem
857 1673 1027 1743 germanam
1052 1686 1144 1739 suam,

139 1771 263 1828 namine
287 1771 453 1846 Elpinican,
468 1777 529 1829 nan
554 1773 646 1846 magis
671 1777 773 1831 amore
797 1792 886 1848 quam
911 1780 994 1832 mare
1019 1775 1125 1832 ductus
1135 1796 1144 1847 ;

140 1891 271 1951 namque
300 1877 532 1952 ¹Athanie'ensibus
562 1869 634 1936 ¹licet
665 1877 773 1937 eadem
805 1889 889 1954 patre
923 1885 1006 1938 natas
1040 1885 1145 1938 uxaras
1210 1955 1212 1959 .

140 1982 262 2040 dacere.
306 1980 403 2040 Htiius
426 1983 555 2058 coniugii
578 1984 703 2058 cupidus
729 1984 837 2043 Callias
857 1985 988 2060 quidam,
1003 1989 1063 2043 nan
1084 1995 1144 2043 tam
1170 1977 1210 2037 10'

139 2092 303 2165 generasus
326 2106 415 2163 quam
441 2090 627 2164 pecaniasus
649 2095 700 2165 qui
722 2096 841 2166 magnas
862 2092 1002 2167 pecanias
1024 2110 1061 2150 ex
1083 2110 1144 2150 me·

140 2194 217 2253 tallis
253 2195 377 2267 facerat,
406 2196 465 2270 agit
499 2214 569 2253 cum
603 2196 730 2254 Cimane
764 2207 797 2253 ut
831 2215 896 2254 eam
933 2198 988 2256 sibi
1022 2204 1144 2256 uxarem

140 2301 245 2360 daret:
276 2301 308 2359 id
332 2308 357 2360 si
377 2302 570 2377 impetrasset,
593 2307 624 2361 sa
649 2308 703 2378 pra
725 2303 774 2361 illo
795 2305 953 2379 pecaniam
974 2305 1143 2362 solitarum.

141 2410 263 2466 Iseum
284 2409 372 2466 talem
397 2408 607 2466 condicianem
632 2413 846 2483 aspernaratur,
869 2409 1004 2485 Elpinica
1029 2412 1145 2485 negavit

140 2518 174 2571 εδ
201 2509 353 2589 passimam
382 2514 524 2571 Miltiadis
552 2516 725 2590 prageniem
757 2515 787 2571 in
813 2516 916 2573 vinclis
946 2516 1072 2590 pablicis
1102 2517 1145 2573 in·
1170 2536 1194 2581 ις

140 2625 237 2691 terire,
259 2620 399 2693 quoniam
422 2620 580 2694 prohibere
602 2630 712 2694 posset,
734 2625 824 2694 saque
846 2620 956 2679 Calliae
978 2625 1145 2696 naptaram,

139 2732 164 2783 si
186 2744 222 2783 ea
243 2743 318 2800 quae
340 2726 528 2801 pollicaretur
548 2726 750 2800 praestitisset.

184 2833 225 2889 II.
254 2832 318 2888 Tali
346 2831 438 2889 moda
455 2831 602 2889 'custadia
629 2832 768 2911 liberatus
800 2832 908 2890 Ciman
938 2833 1073 2891 celeriter
1106 2832 1145 2891 ad

139 2938 340 3013 principatum
375 2937 518 3012 pervanit.
574 2919 716 2995 Hababat
743 2938 823 2994 enim
851 2938 921 2995 satis
949 2938 1144 3013 Eloquentiae,

140 3048 287 3101 summam
326 3042 539 3115 liberalitatem,
569 3049 705 3117 magnam
744 3043 932 3117 pradentiam
970 3062 1038 3101 cum
1077 3045 1146 3102 iaris
1168 3070 1197 3101 20

140 3254 319 3312 exercitibus
340 3254 434 3311 suerat
454 3260 592 3312 versatus
637 3256 742 3329 Itaque
764 3255 811 3311 hic
837 3256 867 3311 et
892 3255 1035 3329 populum
1060 3256 1145 3314 urba·

140 3378 214 3417 num
235 3360 266 3416 in
287 3366 339 3417 sua
359 3360 453 3421 tenuit
473 3365 619 3434 potestate
643 3370 673 3416 et
697 3359 777 3434 apud
803 3361 965 3417 exercitum
987 3362 1144 3435 plarimum

141 3464 231 3523 valuit
252 3467 435 3524 auctoritate.

184 3565 316 3629 Primum'
335 3572 494 3647 imperator
511 3570 591 3646 apud
608 3571 719 3629 flamen
736 3573 890 3644 Strymona
907 3578 1027 3647 magnas
1045 3574 1146 3647 copias
1168 3600 1203 3647 25.

141 3676 310 3735 Thraecum
336 3677 452 3752 fugavit,
475 3676 620 3751 oppidum
643 3677 848 3751 Amphipolim
874 3679 1025 3736 canstituit
1049 3682 1145 3751 eaque
1175 3714 1178 3717 ψ

142 3781 251 3841 decem
287 3782 367 3839 milia
401 3782 626 3841 Athaniansium
663 3783 693 3840 in
731 3782 879 3840 colaniam
917 3783 1003 3840 misit.
1057 3770 1146 3839 ldem

654 3912 685 3962 23
