2817 4250
447 852 517 910 v11.
552 841 807 912 ALCIBIADES.

163 1031 189 1088 Ι.
217 1029 397 1101 Alcibiades
426 1030 539 1089 Cliniae
567 1031 658 1100 filius,
686 1030 885 1088 Atheniensis.
928 1032 965 1088 In
993 1030 1050 1088 hec
1078 1037 1128 1088 ni-

121 1141 187 1194 tira
215 1136 289 1210 quid
316 1135 434 1194 efficere
462 1136 555 1210 possit
582 1135 699 1194 videtur
727 1146 868 1211 experta3
903 1141 1021 1194 censtat
1048 1137 1128 1194 enim

120 1242 199 1300 inter
222 1246 335 1312 omnes,
357 1247 409 1316 qui
432 1240 471 1299 de
496 1247 533 1300 ee
561 1241 723 1300 memoriae
752 1241 957 1316 prediderunt,
979 1242 1051 1300 nihil
1077 1242 1128 1300 ille

121 1347 210 1405 fuisse
240 1346 430 1405 excellentius
457 1347 505 1404 vel
531 1347 562 1404 in
589 1347 666 1404 vitiis
692 1347 741 1404 vel
767 1347 797 1405 in
823 1347 987 1406 virtitibus.
1034 1349 1127 1406 Netus

120 1453 151 1510 in
172 1453 355 1528 amplissimi
374 1453 492 1511 civitate
513 1457 630 1511 summe
651 1470 770 1527 genere,
785 1454 917 1510 omnium
936 1453 1040 1511 aetatis
1057 1472 1127 1511 suae
1151 1476 1162 1523 5

120 1559 214 1616 multe
236 1558 478 1630 fermesissimus,
500 1557 601 1630 dives,
629 1557 669 1614 ad
693 1561 798 1616 omnes
822 1562 869 1616 res
893 1567 979 1632 aptus
1000 1559 1126 1616 censilii-

104 1675 178 1740 'que
203 1664 499 1740 plenus-namque
522 1664 683 1739 imperator
707 1665 762 1722 fuit
786 1682 916 1722 summus
941 1674 972 1723 et
997 1672 1070 1722 mari
1097 1676 1127 1723 et

119 1770 393 1842 terre—disertus,
415 1779 447 1827 ut
471 1771 502 1827 in
526 1775 626 1844 primis
648 1769 778 1828 dicende
798 1770 918 1840 valeret,
941 1770 1023 1845 quod
1044 1781 1126 1829 tanta

119 1886 182 1933 erat
203 1875 427 1934 commendatio
447 1875 506 1934 eris
527 1886 615 1950 atque
637 1876 788 1947 eretienis,
810 1886 843 1933 ut
863 1881 953 1934 neme
974 1883 1001 1933 ei
1025 1887 1126 1951 posset

119 1981 255 2040 resistere
266 2003 275 2054 3
304 1999 373 2038 cum
394 1990 511 2055 tempus
531 1992 678 2056 posceret,
699 1982 872 2054 laberiesus,
893 1983 1028 2056 patiens;
1053 1982 1123 2040 libe·
1148 2011 1176 2042 ιο

118 2087 195 2160 ralis,
217 2086 391 2163 splendidus
411 2092 471 2145 nen
494 2087 590 2146 minus
610 2087 642 2145 in
662 2092 721 2146 vite
740 2105 830 2163 quam
852 2093 930 2146 victi
941 2108 950 2161 ;
975 2087 1124 2159 adsibilis,

118 2186 255 2259 blandus,
277 2189 460 2263 temporibus
482 2191 670 2249 callidissime
692 2192 839 2249 serviens:
868 2191 960 2262 idem,
981 2191 1123 2248 simulac

119 2298 150 2349 se
176 2300 328 2350 remiserat
352 2311 449 2367 neque
478 2313 567 2352 causa
594 2296 713 2353 suberat
736 2301 795 2369 qua
819 2302 850 2353 re
875 2297 967 2352 animi
991 2296 1122 2353 laberem

116 2396 271 2472 perferret,
306 2396 478 2467 lixuriesus,
511 2395 677 2467 dissolritus,
712 2394 894 2468 libidinosus,
925 2398 1124 2472 intemperans

117 2502 330 2577 reperiebitur,
364 2512 397 2559 ut
437 2506 542 2560 omnes
583 2500 799 2560 admirarentur
839 2502 870 2560 in
907 2507 967 2560 tine
1002 2503 1122 2561 homine
1147 2534 1172 2580 ¹5

116 2616 232 2665 tantam
253 2625 317 2665 esse
338 2606 607 2665 dissimilitridinem
627 2616 747 2681 tamque
770 2606 915 2665 diversam
936 2613 1078 2667 naturam.

159 2714 201 2771 II.
231 2700 383 2771 Educatus
418 2722 463 2770 est
497 2712 528 2769 in
562 2711 654 2769 dome
697 2712 1009 2789 Pericli—privignus
1042 2715 1122 2772 enim

116 2819 179 2877 eius
205 2818 293 2877 fuisse
311 2817 420 2876 dicitur
434 2816 615 2875 —eruditus
640 2822 658 2875 a
682 2818 813 2876 socrate.
855 2818 996 2877 Socerum
1020 2819 1123 2880 habuit

117 2926 334 2999 Hipponicum,
363 2923 495 2982 omnium
523 2924 640 2982 Graeci
673 2923 773 2999 lingua
802 2924 986 2999 loquentium
1017 2925 1121 2985 ditissi-

116 3050 198 3088 mum
210 3050 219 3102 ;
261 3040 302 3102 ut,
340 3036 365 3087 si
404 3029 468 3103 ipse
506 3029 617 3104 lingere
654 3029 752 3101 vellet,
789 3047 886 3105 neque
924 3030 1006 3105 plina
1043 3032 1122 3090 bona
1143 3064 1172 3093 20

115 3136 250 3194 eminisci
273 3152 371 3209 neque
397 3134 508 3193 meiera
531 3144 632 3208 posset
656 3139 808 3209 consequi,
832 3152 922 3209 quam
945 3136 993 3194 vel
1020 3142 1123 3195 natira

113 3242 162 3300 vel
183 3242 307 3299 iertfina
327 3240 476 3299 tribuerat.

156 3347 217 3405 III.
246 3344 329 3403 Belle
358 3345 575 3419 Peloponnesii)
604 3345 688 3404 hiius
716 3346 840 3404 consilio
868 3355 958 3422 atque
994 3349 1119 3407 aucteri-

114 3457 177 3510 tete
199 3450 394 3509 Atheniensis
415 3450 523 3510 bellum
547 3452 732 3526 Syricisenis
754 3451 930 3510 indixerunt.
971 3452 1018 3511 Ad
1038 3454 1121 3528 quod

113 3554 280 3632 gerendum
304 3556 369 3631 ipse
393 3555 454 3613 dux
478 3555 612 3615 delectus
637 3566 690 3627 est,
716 3555 776 3615 duo
799 3563 952 3632 praeterea
979 3560 1120 3634 conlegae
1143 3592 1169 3635 ,ς

113 3661 187 3735 dati,
217 3662 317 3720 Nieiis
345 3671 375 3719 et
406 3662 579 3720 Lamachus.
637 3661 674 3720 Id
709 3681 778 3720 cum
813 3667 1012 3738 appareretur,
1040 3665 1121 3739 prius

114 3784 206 3849 quam
231 3767 331 3831 classis
353 3773 452 3842 exiret,
475 3766 586 3825 accidit
609 3777 642 3824 ut
662 3772 723 3825 tine
742 3777 831 3825 nocte
852 3772 956 3826 omnes
979 3770 1119 3843 Hermae,

631 3900 662 3951 29
