2817 4250
115 283 167 346 xi]
572 285 719 336 Amrcus
924 271 927 276 “
1113 287 1173 352 127

116 461 177 512 nim
202 456 299 513 stilum
325 456 390 527 sibi,
414 456 468 514 sed
494 457 584 515 etiam
609 464 637 515 ei
663 475 754 532 quem
783 457 964 516 carissimum
994 457 1123 518 habebat

116 560 268 636 praesidii>
296 562 359 630 fuit,
377 572 410 620 ut
436 568 593 637 appireret
616 563 727 621 millam
752 564 914 622 seiunctam
941 562 996 623 sibi
1023 563 1062 622 ab
1086 568 1123 622 eb

116 668 192 726 velle
212 667 375 726 furtiuam.
416 669 507 743 Quod
524 676 548 727 si
564 670 743 744 gubemitor
759 670 918 745 praecipui
934 668 1020 726 laude
1040 669 1120 727 effer·

117 784 173 844 tur,
189 758 241 847 qui
257 780 362 831 nivem
379 792 417 832 ex
432 774 531 832 hieme
549 782 680 850 marique
697 776 855 850 scopu16s6
872 786 978 848 servat,
993 780 1046 834 eiu
1062 780 1124 833 nim

117 879 270 954 singularis
298 879 361 938 eius
388 881 569 938 existimetur
596 880 764 955 prudentia,
789 887 839 956 qui
867 899 903 938 ex
930 890 976 939 tot
1003 890 1123 956 tamque
1147 896 1158 943 5

118 985 255 1060 gravibus
276 986 412 1060 procellis
432 986 565 1046 civilibus
586 986 625 1044 ad
645 987 879 1045 incolumititem
900 987 1055 1062 pervenit?

86 1112 89 1116 ·
159 1092 213 1149 XI.
242 1091 357 1165 Quibus
385 1109 423 1149 ex
451 1093 533 1150 malis
563 1102 596 1151 ut
628 1096 661 1151 se
693 1093 821 1164 emersit,
850 1093 922 1150 nihil
952 1091 1030 1151 aliud
1064 1093 1124 1168 egit

119 1215 209 1271 quam
229 1207 261 1254 ut
282 1214 372 1271 quam
393 1198 534 1271 plurimis,
549 1198 655 1273 quibus
677 1199 764 1256 rebus
785 1208 894 1273 posset,
910 1208 987 1256 esset
1006 1198 1122 1256 auxilii).

119 1304 197 1361 Cum
219 1307 400 1378 prtiscripttis
421 1304 558 1378 praemiis
577 1305 788 1379 imperitr'rmm
807 1304 908 1380 vulgus
928 1311 1123 1379 conquireret,

119 1413 211 1466 nemi
235 1409 266 1466 in
291 1395 413 1483 Epirum
438 1410 527 1482 venit,
549 1417 597 1468 cui
620 1415 667 1468 res
691 1411 750 1468 ulla
773 1410 908 1481 deluerit,
931 1410 1041 1468 nemini
1062 1415 1124 1468 nbn
1148 1430 1175 1462 ιο

119 1514 161 1572 ibi
182 1519 329 1589 perpetui>
351 1516 490 1574 manendi
510 1521 641 1589 potestis
662 1516 741 1573 sacta
761 1525 805 1574 est
815 1537 824 1588 3
853 1522 924 1590 quin
945 1516 1033 1573 etiam
1057 1526 1125 1590 post

120 1621 266 1695 proelium
295 1620 483 1695 Philippense
508 1621 719 1695 interitumque
745 1622 780 1681 C.
806 1621 901 1680 Cassii
923 1631 952 1679 et
978 1623 1021 1679 M.
1043 1623 1125 1679 Briiti

121 1727 155 1784 L.
181 1726 289 1783 Iulium
315 1726 468 1784 Micillam
491 1727 671 1801 praetutium
698 1737 728 1784 et
752 1727 848 1784 tilium
871 1727 934 1784 eius
958 1727 1124 1801 Aulumque

119 1834 303 1906 Torquitum
342 1837 516 1907 ceterbsque
554 1839 618 1907 pari
655 1833 778 1891 sbrtfina
815 1832 964 1908 perculsbs
1001 1833 1125 1891 instituit

119 1943 195 1996 tucri
216 1950 305 2012 atque
328 1955 365 1995 ex
388 1924 480 2012 Epiri>
499 1945 541 1997 eis
569 1939 671 1996 omnia
698 1938 931 1997 Samothraciam
959 1943 1125 2013 supportari
1149 1962 1173 2011 15

119 2044 212 2102 iussit.
254 2043 382 2102 Difficile
411 2054 456 2102 est
483 2045 583 2102 omnia
610 2051 748 2119 persequi
775 2053 806 2102 et
834 2049 894 2102 nitu
918 2044 1123 2102 accessirium.

121 2151 199 2210 Illud
228 2156 319 2209 imum
351 2151 482 2226 intellegi
512 2152 654 2223 volumus,
683 2152 758 2209 illius
788 2151 991 2210 liberilitatem
1026 2168 1124 2225 neque

119 2258 330 2332 tempoririam
359 2275 456 2332 neque
484 2256 622 2316 callidam
651 2256 748 2315 fuisse.
805 2257 842 2316 Id
871 2275 908 2315 ex
938 2257 1008 2332 ipsis
1037 2256 1125 2315 ribus

118 2382 155 2421 ac
184 2363 367 2437 temporibus
398 2364 520 2422 iudicari
551 2374 659 2438 potest,
687 2362 770 2437 quod
801 2368 861 2420 nim
893 2363 1062 2422 flitrentibus
1093 2366 1125 2421 se

62 2486 68 2497 ·
118 2469 290 2540 venditivit,
322 2468 375 2527 sed
409 2469 535 2527 adflictis
570 2486 688 2543 semper
722 2469 881 2527 succurrit:
913 2475 969 2551 Aqui
1002 2465 1124 2542 quidem
1147 2495 1176 2526 ιο

118 2575 281 2645 Serviliam,
311 2576 391 2632 Bruti
426 2580 560 2645 mittem,
588 2580 649 2632 n6n
679 2575 775 2632 minus
808 2584 875 2649 post
906 2583 1031 2632 mortem
1062 2574 1125 2631 Eius

117 2699 210 2756 quam
236 2680 391 2738 flurentem
416 2680 548 2738 coluerit.
590 2681 637 2739 Sic
662 2680 834 2739 liberalitate
859 2684 943 2738 utens
967 2679 1059 2737 millis
1080 2678 1123 2737 in·

118 2786 257 2844 imicitiis
284 2786 384 2861 gessit,
408 2785 490 2860 quod
518 2804 615 2860 neque
643 2784 781 2843 laedebat
808 2803 988 2859 quemquam
1016 2802 1124 2859 neque,

118 2900 143 2951 si
168 2910 259 2967 quam
283 2892 417 2949 iniuriam
441 2896 609 2966 acceperat,
634 2896 696 2948 nim
720 2891 849 2950 malebat
877 2891 1008 2949 oblivisci
1035 2908 1124 2965 quam

23 3037 24 3042 κ
118 2999 230 3056 ulcisci.
284 2985 374 3057 idem
415 2998 573 3055 immortali
615 2998 757 3055 memoria
797 3006 939 3072 percepta
980 2996 1125 3055 retinebat
1147 3024 1173 3071 25

119 3104 286 3176 beneficia3
311 3122 387 3177 quae
409 3114 508 3161 autem
533 3104 597 3178 ipse
618 3103 768 3174 tribuerat,
786 3112 847 3160 tam
868 3102 919 3161 diii
941 3103 1124 3172 meminerat,

118 3208 221 3285 quoad
242 3210 290 3267 ille
312 3215 410 3285 gritus
430 3220 494 3267 erat
513 3216 564 3284 qui
584 3213 751 3284 acceperat.
794 3210 899 3284 Itaque
920 3208 968 3265 hic
993 3208 1068 3265 fecit
1092 3215 1131 3265 ut·

118 3320 188 3376 vire
211 3315 325 3373 dictum
346 3315 496 3373 videritur:

218 3478 267 3535 Sui
287 3474 394 3551 cuique
416 3480 513 3534 mbres
534 3475 549 3533 f
552 3478 655 3550 lugunt
676 3475 828 3533 fiirtiinam
850 3473 1026 3531 hbminibus.

121 3634 230 3708 Neque
252 3644 353 3692 tamen
373 3633 422 3691 ille
443 3633 524 3708 prius
545 3634 697 3691 scirtimam
718 3649 808 3706 quam
830 3635 861 3688 se
883 3630 946 3704 ipse
967 3627 1060 3698 tinxit,
1074 3632 1126 3701 qui
1147 3652 1176 3698 30

121 3741 199 3801 cavit
219 3744 259 3798 ne
279 3745 338 3818 quai
358 3741 387 3798 in
409 3744 440 3800 re
461 3741 523 3799 iiue
545 3739 733 3815 plecteretur.
