2817 4250
128 332 177 378 nn,
190 319 243 384 rv.]
590 319 737 370 nTrlcth
1126 325 1182 372 121

127 493 341 551 detrimentum
361 491 482 567 aliquod
503 492 632 550 adferret
648 499 690 550 rei
709 492 850 564 smilion,
866 491 976 550 eodem
998 497 1134 568 mignam

126 609 245 674 partem
267 601 455 656 fortunarum
478 599 591 657 troiocit
611 604 738 656 suorum.
781 599 841 656 Hic
861 598 903 656 ita
923 598 1003 670 vixit,
1017 607 1050 657 ut
1070 599 1132 657 oni·

125 711 218 764 versis
239 704 468 764 Athonionsibus
489 703 596 762 merito
617 713 695 762 esset
715 703 899 775 carissimum
928 722 996 761 nam
1018 715 1135 779 praeter

125 811 263 886 grotiam,
290 829 366 885 quae
398 811 456 867 iam
488 809 519 867 in
550 810 773 868 adoloscentulo
803 815 910 885 mogna
944 819 1015 880 erat,
1044 827 1134 886 saepe

125 923 186 975 suis
211 916 319 991 opibus
343 916 474 992 inopiam
500 920 602 974 eorum
627 916 776 990 publicam
799 915 913 974 levovit.
955 916 1032 975 Cum
1055 917 1133 974 euim
1158 941 1168 987 ς

124 1027 277 1081 versoram
305 1022 402 1080 facere
431 1021 548 1097 poblico
579 1039 702 1079 necesse
733 1032 811 1080 esset
841 1039 937 1096 neque
969 1021 1031 1080 Eius
1062 1040 1132 1080 con-

124 1128 280 1187 dicionem
304 1145 430 1202 aequam
456 1127 608 1199 haborent,
633 1145 752 1202 semper
775 1132 807 1185 so
835 1127 1018 1202 interposuit,
1043 1138 1132 1202 atque

123 1235 177 1304 ita,
201 1244 235 1292 ut
264 1251 362 1308 neque
394 1238 511 1291 osoram
545 1251 685 1307 umquam
718 1233 756 1292 ab
780 1239 821 1292 eis
852 1233 1001 1308 acceperit
1035 1251 1133 1308 neque

123 1341 244 1416 longius
277 1358 367 1416 quam
398 1340 511 1398 dictum
546 1351 625 1398 esset
658 1339 770 1398 dobore
805 1357 907 1415 passus
939 1340 984 1398 sit.
1042 1340 1132 1414 Quod

123 1441 286 1522 utrumque
313 1456 376 1504 erat
395 1452 437 1505 eis
467 1447 593 1504 salota‘tre
604 1467 613 1517 3
648 1463 718 1503 nam
750 1463 847 1520 neque
877 1445 1058 1520 indulgendo
1088 1447 1130 1504 in·
1157 1475 1183 1506 ιο

123 1559 311 1611 veteroscere
335 1558 437 1610 eorum
462 1570 512 1609 aes
535 1552 664 1610 alionum
689 1552 855 1626 patiobotur
875 1569 971 1627 neque
993 1552 1131 1628 multipli-

123 1658 230 1718 candis
256 1664 349 1717 risoris
377 1663 521 1717 crescere.
566 1659 655 1716 Auxit
683 1658 742 1716 hoc
770 1658 901 1716 officium
929 1659 985 1716 alio
1013 1676 1132 1733 quoque

122 1765 320 1836 liberolitote;
360 1783 430 1823 nam
471 1764 622 1822 ouiversos
664 1764 811 1822 {tomento
852 1764 982 1834 donovit,
1018 1764 1060 1822 ita
1101 1776 1133 1822 ut

124 1872 247 1946 singulis
272 1876 335 1929 soni
359 1869 453 1929 modii
477 1871 565 1929 tritici
593 1873 741 1941 darentur,
766 1876 817 1945 qui
844 1869 950 1928 modus
979 1874 1132 1928 mousorae

124 1977 295 2035 medimnus
316 1978 438 2036 Athonis
459 1977 631 2052 appellitur.
1157 1998 1181 2043 ις

167 2084 228 2142 ΙΙΙ.
258 2084 318 2142 Hic
345 2093 445 2143 autem
473 2089 515 2142 sic
544 2087 576 2142 εδ
603 2083 733 2159 gerebat,
762 2093 794 2141 ut
822 2081 988 2141 commonis
1014 2081 1132 2152 infimis,

123 2196 180 2265 por
200 2191 382 2266 principibus
403 2189 561 2249 vidorotur.
603 2191 673 2263 Quo
695 2191 804 2248 factum
827 2200 871 2247 est
890 2199 922 2246 ut
941 2189 1010 2246 huic
1029 2192 1133 2246 omnos

124 2297 264 2368 honoros,
289 2300 364 2371 quos
389 2306 519 2371 possent,
541 2297 659 2371 poblico
687 2296 831 2353 haborent
855 2301 1010 2370 civemque
1036 2295 1133 2352 facere

123 2404 280 2461 studerent
290 2423 298 2475 ;
322 2407 383 2477 quo
401 2402 548 2461 beneficio
567 2402 614 2459 ille
635 2407 678 2459 oti
699 2402 800 2459 uoluit.
842 2402 940 2474 Quam
957 2401 1008 2459 dio
1030 2400 1133 2475 adsuit,

123 2514 165 2566 no
186 2527 247 2583 qua
266 2509 322 2568 sibi
343 2518 439 2566 statua
459 2512 618 2583 poneretur
638 2508 754 2578 restitit,
769 2507 876 2565 absono
897 2507 1053 2582 prohibore
1073 2512 1133 2565 non
1156 2533 1184 2563 ιο

123 2616 230 2691 potuit
279 2616 385 2690 Itaque
412 2615 524 2689 aliquot
551 2615 607 2689 ipsi
635 2624 666 2671 et
694 2613 816 2671 Phidiae
845 2612 917 2670 locis
945 2613 1133 2671 sanctissimis

123 2726 288 2797 posuoruut
298 2742 307 2793 ;
337 2721 415 2778 hunc
439 2721 518 2777 enim
543 2720 574 2775 in
598 2722 682 2777 omui
701 2720 909 2794 procuratione
931 2724 973 2776 rei
996 2719 1133 2793 poblicae

125 2833 259 2885 octorem
286 2831 497 2901 auctoremque
526 2825 676 2884 habobant
703 2825 898 2900 potissimum.
956 2825 1049 2899 Igitur
1076 2832 1131 2899 pri-

125 2952 209 2990 mum
230 2932 303 2990 illud
324 2937 429 2989 monus
451 2932 602 3003 fortunae,
623 2931 707 3006 quod
728 2932 758 2989 in
780 2938 816 2989 eo
835 2932 908 2989 urbe
929 2937 1013 2989 notus
1034 2940 1088 3000 est,
1104 2932 1133 2987 in

124 3044 186 3113 quai
213 3038 397 3096 domicilium
425 3038 504 3096 orbis
532 3043 673 3095 terrorum
698 3047 777 3095 esset
802 3037 926 3112 imperii,
948 3045 980 3093 ut
1006 3036 1133 3094 eandem
1156 3064 1182 3109 ²5

125 3156 156 3202 et
178 3145 304 3219 patriam
327 3144 449 3202 haboret
471 3152 500 3201 et
521 3143 644 3202 domum
656 3164 665 3214 ;
693 3143 752 3200 hoc
774 3143 926 3217 specimen
947 3141 1133 3216 prodentiae,

124 3250 218 3325 quod,
240 3268 309 3306 cum
333 3250 363 3307 in
388 3267 454 3307 eam
478 3254 510 3307 so
535 3249 686 3307 civitotem
708 3249 888 3319 contulisset,
910 3266 986 3322 quae
1008 3250 1132 3321 antiqui-

124 3362 197 3427 tote,
221 3356 404 3414 hominitote
432 3356 627 3430 doctrinoque
658 3361 821 3430 praestoret
855 3358 969 3424 omnES,
997 3358 1072 3410 onus
1107 3360 1134 3411 ei

125 3462 181 3519 fuit
202 3462 377 3520 corissimus.
715 3458 716 3461 ’

169 3569 221 3625 IV.
250 3569 322 3626 Hoc
348 3586 385 3625 ex
408 3568 477 3625 Asio
503 3568 582 3626 Sulla
609 3566 761 3625 docodens
789 3584 858 3623 cum
885 3566 1022 3634 vonisset,
1044 3583 1133 3639 quam
1157 3595 1184 3639 30

124 3673 179 3731 dio
201 3673 241 3730 ibi
263 3674 325 3743 fuit,
341 3678 442 3731 socum
464 3674 565 3731 habuit
587 3673 795 3747 Pomponium,
810 3683 915 3746 captus
937 3670 1134 3728 adulescentis

126 3789 158 3837 et
183 3779 366 3837 hominitote
392 3790 422 3838 et
446 3780 589 3838 doctrino.
632 3781 679 3838 Sic
704 3780 784 3837 enim
809 3780 926 3837 Graece
950 3775 1133 3850 loquebatur,
