2817 4250
118 304 218 371 v.‚v1.]
522 304 779 360 smumoums
1134 313 1171 378 71

116 479 172 537 sed
200 479 307 538 modus
334 478 521 538 adhibendus
550 490 603 552 est,
632 481 772 555 quoniam
800 485 860 540 ene
888 482 947 540 hec
975 482 1124 542 volemine

113 590 206 642 vitam
232 584 439 644 excellentium
464 585 592 644 virerum
620 586 816 661 complurium
845 587 1024 647 conclfidere
1053 593 1123 647 edn-

114 690 273 762 stituimus‚
301 696 427 765 querum
456 695 502 749 res
530 692 688 766 separetim
718 691 816 750 multis
844 692 960 752 milibus
988 711 1123 752 versuum

114 795 286 870 complures
307 801 464 871 scripteres
485 807 554 855 ante
576 802 631 855 nes
652 797 844 872 explicenmt.

155 903 193 959 V.
223 902 290 960 Fuit
311 903 400 960 etiam
422 902 558 975 disertus,
578 913 610 960 ut
631 907 721 961 neme
743 909 771 962 ei
790 903 951 962 Thebeuus
972 909 1025 980 per
1046 915 1123 962 esset
1145 930 1156 977 ς

112 1007 296 1081 eloquentie,
324 1026 422 1084 neque
450 1009 546 1068 minus
574 1009 738 1068 concinnus
764 1010 795 1067 in
826 1008 969 1068 brevitete
1001 1027 1122 1085 respon·

111 1112 209 1170 dendi
236 1131 326 1187 quam
354 1114 384 1171 in
411 1120 557 1189 perpetue
583 1114 717 1172 eretiene
745 1119 874 1172 emetus.
928 1115 1043 1174 Habuit
1070 1115 1122 1174 ob·

112 1222 306 1277 trecteterem
345 1219 536 1278 Menecliden
572 1219 734 1295 quendam,
770 1220 904 1278 indidem
941 1221 1061 1294 Thebis,
1093 1232 1124 1280 et

111 1324 315 1383 adverserium
336 1325 366 1382 in
387 1325 620 1384 administrandi
641 1330 671 1384 re
692 1325 821 1400 piiblica‚
840 1327 909 1385 satis
930 1328 1123 1386 exercitetum

110 1430 143 1487 in
166 1428 308 1503 dicende,
329 1441 362 1488 ut
381 1431 557 1490 Thebeuum
580 1432 712 1504 scilicet3
740 1449 870 1506 namque
891 1432 932 1490 illi
952 1439 1033 1507 genti
1057 1434 1122 1508 ples
1147 1457 1173 1488 10

111 1536 192 1594 inest
215 1536 319 1595 virium
344 1555 434 1611 quam
456 1538 574 1613 ingenii.
617 1539 647 1595 Is
671 1538 754 1613 quod
777 1538 808 1596 in
829 1543 860 1595 re
882 1538 997 1596 militeri
1019 1539 1122 1598 florere

111 1641 357 1717 Epaminondam
405 1641 536 1715 videbat,
578 1643 687 1702 hortem
735 1643 849 1703 solebat
889 1644 1049 1703 Thebenes
1089 1655 1122 1704 ut

111 1753 222 1822 pecem
246 1747 325 1806 belle
349 1747 539 1820 anteferrent,
560 1753 599 1806 ne
623 1748 697 1807 illius
723 1749 908 1824 imperatoris
933 1767 1024 1825 opera
1045 1749 1120 1810 desi-

111 1852 273 1912 dereretur.
318 1853 400 1911 Huic
424 1854 473 1912 ille
498 1854 643 1926 “Fallis,''
669 1855 773 1930 iuquit,
799 1855 917 1914 “verbe
943 1860 1021 1914 cives
1046 1862 1120 1929 tues,

111 1959 198 2033 quod
226 1964 278 2018 ees
305 1965 324 2017 a
350 1959 429 2018 belle
457 1964 583 2032 evoces3
617 1960 670 2017 etii
698 1960 778 2019 enim
806 1961 926 2019 nemine
952 1962 1120 2020 servitutem
1145 1984 1170 2032 ¹5

111 2065 274 2138 conciliem
302 2083 371 2122 nam
396 2065 507 2141 paritur
530 2071 589 2141 peu
612 2065 700 2123 belle.
744 2066 848 2142 Itaque
874 2072 924 2143 qui
949 2072 984 2125 ee
1008 2066 1122 2127 dietiue

111 2172 218 2230 volunt
239 2172 302 2244 frui,
325 2171 403 2230 belle
424 2172 576 2231 exerciteti
600 2190 664 2230 esse
689 2170 811 2232 debent.
854 2173 921 2247 Que
942 2178 973 2231 re
998 2179 1022 2231 si
1042 2180 1120 2249 prin-

110 2278 198 2353 cipes
232 2278 377 2337 Graeciae
412 2278 497 2337 vultis
532 2296 607 2350 esse,
638 2284 740 2337 castris
775 2288 820 2337 est
854 2280 936 2337 vebis
966 2279 1120 2354 suendum,

110 2389 176 2442 nen
196 2384 369 2458 palaestra.'’
410 2370 500 2442 ldem
521 2384 569 2442 ille
591 2384 776 2443 Meneclides
797 2403 866 2442 cum
886 2384 955 2443 huic
976 2384 1119 2458 obiceret,

111 2488 198 2563 quod
225 2489 332 2547 liberes
359 2494 419 2547 nen
447 2489 570 2548 haberet
597 2508 695 2564 neque
723 2496 845 2548 uxerem
874 2489 1014 2562 duxisset,
1040 2498 1119 2549 mex-
1143 2527 1171 2559 20

110 2595 233 2668 imeque
254 2594 450 2666 insolentiam,
472 2594 552 2669 quod
573 2595 629 2653 sibi
650 2596 881 2670 Agamemnonis
905 2596 974 2654 belli
997 2597 1120 2672 gleriam

110 2700 265 2759 videretur
291 2705 486 2759 censecutus:
518 2710 549 2758 at
576 2700 625 2758 ille
653 2705 671 2731 ‘⁴
684 2702 825 2773 Desiue‚”
853 2701 956 2776 inquit,
986 2703 1118 2761 “Mene-

110 2805 202 2877 clida‚
227 2805 267 2864 de
289 2810 381 2863 uxere
405 2806 477 2863 mihi
502 2807 678 2880 exprobrere
689 2828 698 2878 3
727 2825 796 2864 nam
821 2807 926 2865 millius
951 2809 981 2865 in
1008 2809 1064 2867 iste
1088 2814 1120 2867 re

111 2912 211 2969 minus
234 2916 276 2968 uti
299 2911 423 2969 censilie
447 2910 544 2969 vole.'’
588 2912 731 2970 Habebat
752 2913 831 2970 enim
854 2913 1038 2971 Meneclides
1059 2933 1119 2972 sus·

111 3018 263 3092 picienem
296 3017 439 3076 adulterii.
495 3016 614 3092 “Quod
646 3029 745 3076 autem
780 3024 829 3076 me
864 3021 1119 3094 Agamemnonem
1143 3040 1169 3087 25

111 3122 255 3181 aemulari
295 3129 389 3197 putes,
428 3123 543 3181 falleris.
606 3125 744 3198 Namque
786 3125 834 3181 ille
876 3142 944 3182 cum
986 3125 1121 3185 finiverse

112 3228 242 3287 Graeciae
267 3228 315 3285 vix
340 3228 446 3286 decem
471 3234 554 3286 annis
577 3233 667 3286 imam
693 3231 773 3303 cepit
798 3230 912 3301 urbem,
937 3248 994 3306 ego
1018 3237 1121 3290 contre

112 3353 149 3392 ea
169 3339 229 3393 ime
249 3335 322 3394 urbe
344 3340 443 3392 nostre
463 3334 572 3409 dieque
595 3340 654 3393 une
676 3340 769 3393 tetam
791 3337 949 3395 Graeciam
973 3337 1120 3397 Lacedae-

113 3440 220 3498 moniis
242 3440 348 3515 lugetis
369 3439 516 3499 liberevi.”

153 3546 207 3603 VI.
237 3530 324 3603 idem
347 3564 415 3602 eum
436 3546 467 3603 in
488 3555 669 3604 conventum
691 3547 819 3605 venisset
840 3547 999 3620 Arcadum,
1015 3553 1121 3623 petens
1143 3571 1171 3617 30

114 3661 146 3709 ut
180 3652 357 3710 societetem
390 3669 458 3710 cum
492 3651 641 3710 Thebanis
676 3663 707 3710 et
733 3656 845 3728 Argivis
880 3653 1020 3725 iacerent,
1049 3674 1119 3713 con-

114 3762 217 3833 treque
247 3756 438 3828 Callistratus,
465 3757 690 3816 Atheniensium
720 3758 841 3834 legetus,
870 3765 920 3833 qui
952 3759 1121 3833 eloquentie
