2817 4250
247 289 307 351 126
533 297 704 348 connum
727 297 875 346 umoris
898 297 1005 346 vrrnn
1257 297 1294 360 [r

293 472 491 529 calamitatem
515 475 663 528 versorum
688 471 785 528 facere
814 471 968 544 potuisset,
989 470 1037 528 ille
1066 475 1097 527 so
1123 471 1296 545 interposuit

293 577 510 653 peconiamque
535 576 597 633 sine
619 576 739 634 faenore
764 575 886 649 sineque
911 576 969 633 olli
991 576 1178 650 stipulatione
1202 575 1297 634 erodi·
1388 615 1389 640 ,

294 684 347 754 dit,
370 684 530 740 monimum
555 682 723 740 existimons
748 691 913 756 quaestum,
936 700 1099 739 memorem
1124 689 1297 756 grotumque
1388 657 1389 666 ἶ

293 795 443 864 cognosci,
466 787 611 863 simulque
633 787 769 863 aperions
791 792 821 844 so
842 792 904 844 non
926 786 1074 858 fortonae,
1096 788 1150 845 sed
1171 787 1295 845 homini-

258 918 269 966 ς
293 895 348 953 bus
369 895 463 954 solore
485 911 549 952 esse
571 900 709 951 amicum.

335 1000 421 1074 Quae
449 1018 518 1057 cnm
546 998 683 1070 saciobat,
704 1003 795 1056 nomo
823 1016 893 1056 eum
921 998 1063 1072 temporis
1088 1004 1175 1056 causo
1200 999 1298 1056 facere

295 1115 412 1180 poterat
438 1105 604 1162 existimore
615 1125 625 1177 3
655 1103 768 1161 nomini
795 1104 874 1162 enim
903 1103 933 1161 in
961 1103 1133 1178 opinionem
1161 1104 1298 1162 veniobat

295 1211 456 1269 Antonium
479 1215 575 1268 r'e'mm
600 1215 772 1285 potitorum.
813 1208 872 1268 Sed
897 1213 999 1267 sonsus
1024 1209 1085 1268 oius
1110 1215 1128 1267 o
1151 1210 1298 1267 nonnollis

296 1317 486 1392 optimotibus
516 1314 797 1390 reprehendobotnr,
826 1314 908 1389 quod
939 1333 1044 1390 parurn
1076 1314 1172 1372 odisse
1206 1316 1299 1372 malos

247 1453 274 1484 10
296 1427 375 1480 civos
401 1421 558 1480 vidorotur.
601 1421 654 1479 Ille
682 1430 791 1492 autem,
821 1427 864 1478 sni
894 1419 1004 1492 indicii,
1033 1421 1131 1495 potius
1163 1420 1235 1494 qnid
1269 1426 1300 1478 so

296 1530 393 1586 facere
428 1533 482 1602 por
516 1536 593 1584 esset
627 1527 795 1585 intnobotur
828 1544 918 1601 qnam
957 1525 1029 1601 quid
1068 1526 1116 1583 alii
1154 1525 1301 1584 laudotriri

296 1633 402 1692 forent.
476 1678 480 1686 .

335 1741 372 1796 X.
400 1739 551 1797 Conversa
571 1731 669 1796 subito
690 1738 814 1795 fortona
835 1747 886 1794 est
930 1738 973 1796 Ut
993 1736 1139 1794 Antonius
1160 1736 1249 1798 rediit
1271 1737 1302 1793 in

296 1831 422 1915 italiam,
451 1849 541 1902 nomo
568 1849 630 1901 non
658 1849 767 1917 mogno
799 1843 828 1899 in
859 1843 991 1917 periculo
1021 1842 1153 1899 Atticum
1183 1849 1302 1917 putorat

248 1972 273 2019 15
297 1959 419 2025 propter
446 1949 581 2008 intimam
609 1948 834 2006 familioritaitem
864 1949 1017 2007 Ciceronis
1046 1959 1077 2006 et
1105 1950 1196 2006 Broti.
1239 1950 1300 2006 Ita-

296 2073 355 2131 que
376 2054 415 2113 ad
436 2055 596 2113 adventum
618 2054 829 2129 imperitorum
850 2053 890 2112 do
911 2053 976 2111 soro
997 2052 1176 2125 decesserat,
1193 2054 1302 2112 timoris

298 2161 553 2237 proscriptionem,
583 2161 752 2235 latobatque
783 2158 863 2233 apud
894 2161 926 2217 P.
953 2160 1153 2232 Volumnium,
1182 2167 1239 2232 cui,
1270 2171 1303 2218 ut

297 2267 489 2339 ostendimus,
511 2268 600 2342 paulo
628 2275 697 2324 ante
722 2283 826 2348 opem¹
841 2265 1088 2323 tulerat-tanta
1115 2266 1238 2323 varietos
1259 2272 1303 2323 eis

297 2374 479 2449 temporibus
519 2374 573 2431 fnit
608 2373 758 2443 fortonae,
793 2381 825 2429 ut
862 2371 954 2429 modo
993 2371 1032 2443 hi,
1069 2371 1160 2429 modo
1195 2372 1235 2429 illi
1273 2373 1304 2429 in

246 2504 276 2536 ιο
297 2485 413 2537 summo
450 2489 549 2537 essent
586 2489 636 2536 aut
674 2478 789 2553 fastigio
830 2486 881 2535 aut
918 2477 1303 2553 periculo—habobatque

297 2590 399 2643 socum
427 2585 465 2658 Q.
492 2584 623 2643 Gellium
648 2585 772 2654 Conum,
800 2584 953 2658 aequolem
978 2583 1217 2657 simillimumque
1247 2591 1304 2642 sui.

298 2692 369 2749 Hoc
396 2708 514 2765 quoqne
542 2690 633 2748 Attici
661 2689 799 2748 bonitotis
834 2689 1011 2763 exemplum,
1041 2688 1122 2764 quod
1153 2708 1222 2747 cum
1255 2697 1304 2761 eo,

297 2815 387 2871 quem
409 2814 533 2871 puerum
557 2795 588 2853 in
612 2795 683 2853 bido
709 2800 860 2869 cognorat,
882 2794 959 2852 adeo
985 2794 1144 2853 coniuncte
1166 2796 1248 2867 vixit,
1273 2807 1306 2853 nt

297 2901 335 2961 ad
360 2906 522 2959 extremam
547 2906 674 2959 aetatem
699 2901 828 2958 amicitia
853 2906 954 2964 eornm
979 2901 1112 2959 croverit.
1154 2903 1305 2959 Antonius

246 3037 273 3084 25
297 3017 405 3078 autem,
433 3013 488 3064 etsi
515 3012 597 3064 tanto
625 3005 697 3063 odio
726 3007 872 3065 ferobotnr
900 3007 929 3064 in
960 3007 1148 3078 Ciceronem,
1177 3018 1210 3064 ut
1239 3013 1305 3065 non

297 3113 391 3172 solnm
420 3119 457 3184 ei,
479 3111 532 3170 sed
560 3112 649 3169 etiam
678 3112 816 3170 omnibus
844 3112 906 3170 oius
934 3119 1035 3170 amicis
1063 3123 1140 3170 esset
1164 3112 1305 3171 inimicus

297 3224 407 3293 eosque
432 3218 520 3276 vellet
544 3218 729 3293 proscribere
755 3218 851 3277 multis
873 3217 1065 3288 hortantibus,
1088 3228 1189 3275 tamen
1210 3220 1306 3277 Attici

278 3304 412 3383 ¹memor
439 3324 493 3381 fnit
520 3323 610 3382 officii
638 3333 668 3381 et
696 3330 733 3395 ei,
762 3341 830 3381 cum
858 3330 1026 3398 requisisset
1063 3324 1184 3382 ubinam
1214 3336 1303 3395 esset,

296 3436 349 3488 sno
377 3434 465 3486 mano
491 3429 616 3503 scripsit,
645 3433 683 3486 no
712 3429 827 3486 timoret
856 3429 1014 3504 statimque
1041 3429 1080 3488 ad
1108 3436 1139 3488 so
1167 3438 1302 3491 veniret:

245 3556 274 3605 3⁰
297 3540 329 3593 so
357 3550 425 3591 eum
453 3543 484 3591 et
511 3534 573 3593 oius
600 3539 689 3591 causo
716 3534 831 3592 Conum
856 3534 895 3592 do
920 3539 1151 3610 proscriptorum
1176 3541 1303 3594 numero

296 3639 451 3699 exemisse.
493 3641 536 3699 Ac
564 3643 602 3696 no
626 3639 707 3713 quod
733 3640 894 3714 pericnlum
920 3640 1075 3713 incideret,
1101 3642 1184 3717 quod
1209 3647 1303 3700 nocto

295 3746 401 3820 iiobat,
421 3742 600 3821 praesidium
623 3750 650 3807 ei
671 3744 757 3809 misit.
799 3746 848 3814 Sic
869 3746 983 3815 Atticus
1004 3748 1035 3815 in
1056 3754 1172 3817 summo
1194 3748 1303 3815 timore
