2817 4250
229 317 290 379 124
376 332 380 337 ·
517 309 687 360 CORNELII
713 307 859 358 NEPOTIS
882 307 989 356 VITAE
1140 303 1211 368 [v11.,
1225 314 1292 350 vrrr.

275 485 379 554 cenor,
406 502 474 541 curn
508 501 574 541 eam
608 482 717 554 officie,
746 487 808 539 nen
838 480 936 538 timeri
966 496 1064 553 neque
1095 483 1159 552 spei
1194 476 1293 533 tribui

274 590 419 649 viderent.

315 696 385 753 VII.
416 693 526 753 Incidit
550 693 760 753 Caesarienum
786 693 870 750 civile
895 691 1013 750 bellum.
1057 690 1134 748 Cum
1159 689 1290 746 haberet

275 806 369 858 annes
394 801 511 858 circiter
535 800 694 874 sexeginti,
717 804 784 857 risus
809 808 854 856 est
879 797 982 854 aeretis
1007 795 1162 853 vacetiene
1184 811 1289 868 neque

240 929 251 976 5
275 912 307 965 se
342 911 493 981 quequam
529 907 621 963 mevit
656 923 693 963 ex
727 904 809 963 urbe.
865 903 950 977 Quae
985 907 1087 959 amicis
1118 906 1176 957 suis
1207 917 1291 974 opus

276 1012 390 1070 fuerant
415 1012 453 1070 ad
483 1011 658 1085 Pompeium
687 1009 952 1085 proficiscentibus,
978 1007 1078 1064 omnia
1107 1025 1144 1064 ex
1171 1011 1226 1063 sue
1257 1010 1290 1062 re

276 1118 409 1175 familieri
430 1116 524 1188 dedit,
538 1117 635 1191 ipsum
657 1116 832 1190 Pompeium
852 1114 1044 1172 conirinctum
1067 1117 1126 1170 nen
1148 1110 1288 1169 offendit

277 1222 398 1279 Nirllum
426 1222 464 1280 ab
492 1227 528 1279 ee
556 1221 684 1280 habebat
713 1227 928 1291 emimentum,
957 1230 989 1276 ut
1018 1222 1118 1288 ceteri,
1147 1223 1200 1292 qui
1231 1234 1291 1290 per

278 1345 345 1384 eum
373 1338 422 1384 aut
450 1327 578 1384 honeres
605 1336 655 1384 aut
683 1325 799 1384 divitiis
826 1331 968 1400 ceperant
978 1345 987 1396 ;
1018 1328 1144 1398 querum
1173 1321 1289 1396 partim

228 1461 256 1493 10
277 1432 439 1489 invitissimi
472 1441 568 1489 castra
600 1441 666 1489 sunt
697 1436 799 1502 serini,
828 1430 934 1505 partim
966 1435 1082 1488 summe
1115 1446 1185 1484 cunr
1220 1427 1290 1484 eius

277 1537 321 1594 off
324 1537 445 1595 ensiene
466 1535 549 1595 domi
570 1540 781 1594 remenserunt.
823 1537 943 1594 Caesari
963 1544 1062 1592 autern
1084 1533 1176 1590 Attici
1197 1532 1290 1606 quies

277 1647 361 1700 tante
388 1659 478 1716 opere
506 1641 560 1699 fuit
586 1647 678 1716 grita,
706 1652 739 1698 ut
766 1647 867 1712 victor,
896 1658 965 1697 curn
993 1645 1110 1714 privetis
1141 1637 1290 1712 pecfinies

276 1766 330 1823 per
364 1747 502 1821 epistuliis
533 1747 699 1821 impereret,
729 1746 797 1803 huie
828 1751 889 1803 nen
921 1746 1015 1803 selum
1048 1744 1189 1802 molestus
1221 1748 1290 1800 nen

277 1853 373 1923 suerit,
395 1851 558 1941 sedetiam
579 1853 687 1910 soteris
709 1852 805 1909 filiurn
828 1861 857 1908 et
879 1851 917 1924 Q.
935 1851 1115 1909 Ciceronem
1136 1867 1173 1906 ex
1195 1851 1288 1906 Pom-

227 1985 252 2032 ¹5
275 1963 326 2032 pe
354 1965 454 2015 castris
482 1958 670 2016 concesserit.
713 1958 761 2015 Sic
788 1967 887 2014 vetere
911 1956 1045 2014 institirto
1072 1962 1148 2012 vitae
1177 1954 1290 2029 effrigit

277 2082 353 2121 nova
373 2063 512 2138 pericula.

315 2169 403 2227 VIII.
440 2170 579 2227 Seciitum
614 2177 659 2226 est
689 2168 772 2226 illud.
828 2168 937 2227 Occise
968 2168 1098 2226 Caesare
1132 2184 1201 2223 cum
1238 2172 1290 2223 res

276 2273 397 2349 pr'rblica
423 2291 516 2348 penes
544 2275 649 2331 Brites
676 2272 826 2331 videretur
854 2290 918 2331 esse
944 2283 974 2330 et
998 2272 1135 2331 Cassium
1160 2288 1196 2328 ac
1221 2276 1290 2329 teta

276 2380 377 2437 civites
401 2384 433 2436 se
458 2377 497 2435 ad
526 2384 578 2436 ees
601 2379 804 2450 convertisset,
827 2384 868 2436 sic
895 2380 938 2436 M.
960 2379 1052 2435 Bn'rte
1081 2382 1150 2435 risus
1174 2386 1229 2448 est,
1254 2386 1290 2434 ut

226 2508 254 2540 ιο
276 2484 356 2541 millo
381 2484 429 2541 ille
454 2483 628 2541 adulescens
655 2484 771 2558 aequeli
799 2484 967 2541 familiirius
995 2500 1085 2557 quam
1114 2482 1172 2540 hec
1201 2500 1289 2553 sene,

275 2607 374 2664 neque
402 2590 497 2647 selum
525 2607 593 2646 eum
619 2588 785 2663 principem
810 2588 925 2646 censilii
952 2588 1085 2659 haberet,
1111 2587 1164 2645 sed
1193 2587 1289 2645 etiam

276 2695 306 2751 in
333 2699 480 2752 convictis
523 2693 731 2769 Excegitetum
757 2704 801 2751 est
825 2700 842 2751 i
866 2692 1054 2769 quibusdam,
1079 2702 1112 2751 ut
1137 2698 1289 2767 privetum

276 2799 418 2856 aererium
452 2799 585 2857 Caesaris
616 2798 853 2857 iuterfecteribus
885 2800 923 2857 ab
955 2798 1104 2874 equitibus
1139 2800 1290 2856 Reminis

276 2904 511 2961 constitueretur.
568 2902 605 2961 Id
640 2903 726 2960 facile
762 2904 839 2961 effici
873 2921 960 2978 posse
991 2904 1123 2962 arbitreti
1154 2914 1230 2975 sunt,
1264 2910 1290 2961 si

226 3038 252 3086 ²5
276 3008 424 3083 principes
452 3008 514 3066 eius
542 3007 652 3065 erdinis
680 3008 822 3083 pecirniis
850 3008 1052 3066 contulissent.
1097 3009 1203 3083 Itaque
1231 3026 1288 3082 ap·

276 3115 401 3188 pelletus
426 3123 470 3171 est
494 3120 512 3171 Ξ
536 3114 571 3172 C.
595 3114 706 3185 Flevie,
733 3116 814 3172 Bn'rti
841 3114 983 3185 familieri
1009 3114 1134 3186 Atticus,
1160 3124 1192 3171 ut
1220 3114 1289 3172 eius

276 3225 318 3276 rei
338 3224 477 3293 princeps
498 3236 562 3275 esse
583 3218 681 3276 vellet.

316 3325 354 3381 At
388 3323 446 3394 ille,
474 3329 525 3398 qui
562 3322 661 3379 officia
697 3329 798 3381 amicis
836 3323 1013 3397 praestanda
1051 3324 1115 3382 sine
1154 3323 1289 3381 Iactiene

276 3429 456 3486 existimeret
486 3444 662 3501 semperque
696 3435 714 3485 e
746 3428 851 3487 telibus
882 3434 914 3487 se
942 3429 1070 3487 censiliis
1098 3429 1288 3501 remevisset,

226 3566 254 3610 30
276 3533 448 3608 respondit:
480 3539 505 3590 si
529 3532 601 3607 quid
629 3533 734 3591 Bn‘rtus
762 3533 801 3591 de
829 3540 887 3592 suis
915 3534 1101 3593 facultetibus
1129 3540 1173 3593 eti
1201 3535 1287 3594 volu-

276 3640 355 3708 isset,
383 3643 513 3709 risirrnm,
544 3647 687 3711 quantum
720 3657 772 3696 eae
804 3649 984 3714 paterentur,
1017 3646 1048 3698 se
1083 3658 1182 3715 neque
1215 3658 1288 3698 cum

276 3749 428 3819 quequam
456 3742 494 3803 de
523 3748 559 3801 eri
584 3747 616 3799 re
644 3743 868 3805 conlociitirrurn
897 3762 994 3825 neque
1023 3745 1180 3810 coitirrum,
1237 3747 1288 3811 Sic
