2817 4250
239 279 300 341 106
527 289 697 340 connum
719 288 867 338 unionis
889 289 996 337 urrisu
1179 287 1283 351 [111.,1v.

285 467 362 520 rarat
398 481 462 521 rem
498 462 647 538 poblicam
683 465 717 520 so
752 461 912 520 habentem
946 465 1096 536 cognovit.
1152 461 1283 536 Namque

285 568 476 628 diotumitate
508 574 621 627 externi
652 567 721 624 mali
752 577 866 625 tantum
895 567 1002 624 exarsit
1029 566 1200 624 intestinum
1227 567 1284 624 bel-

285 674 355 746 lum,
383 684 416 732 ut
442 692 606 749 numquam
632 673 664 731 in
691 678 754 748 pari
782 673 913 748 periculo
941 671 1027 730 fuerit
1054 672 1205 747 Carthago
1234 671 1286 730 nisi

285 798 353 837 cum
381 780 482 838 dolata
509 789 563 838 est.
613 781 710 837 Primo
738 779 932 836 mercennarii
959 777 1076 850 militas,
1104 778 1211 853 quibus
1238 778 1285 834 ad·

249 912 260 960 5
284 904 384 943 versus
409 886 562 943 Romanos
589 890 634 942 risi
662 894 754 957 erant,
780 885 974 956 doscivarunt,
998 888 1125 958 quorum
1153 902 1287 941 numerus

285 1001 348 1049 erat
389 992 491 1067 viginti
533 990 655 1049 milium.
712 991 738 1047 Ii
779 994 843 1048 tota
911 991 1114 1048 abalianarunt
1150 976 1286 1062 tlsricam,
1327 1007 1364 1068 t·

285 1098 379 1171 ipsam
401 1097 611 1171 Carthaginem
632 1100 850 1172 oppoguarunt.
892 1096 1007 1170 Quibus
1029 1097 1111 1153 malis
1129 1081 1287 1154 aded'sunt
1313 1073 1350 1140 Ὗ·

286 1205 379 1261 Poeni
406 1203 561 1278 perterriti,
581 1212 615 1260 ut
643 1201 731 1260 etiam
761 1201 866 1258 auxilia
894 1202 932 1260 ab
961 1203 1103 1262 Romanis
1131 1185 1288 1277 petierint·

286 1326 380 1382 eaque
408 1308 610 1382 impetrarunt
667 1307 726 1366 Sed
755 1311 897 1378 extromo,
925 1324 994 1364 cum
1028 1324 1123 1382 prope
1157 1307 1216 1365 iam
1251 1245 1290 1363 ad

139 1443 141 1449 s
237 1434 264 1464 ιο
286 1415 523 1489 dasparationem
548 1413 760 1488 pervonissent,
783 1391 985 1470 Hamilcarem
1011 1412 1221 1486 imperatorem
1242 1412 1285 1470 s‘e‘·

66 1501 71 1509 ’
286 1524 397 1578 c'e'runt.
441 1521 471 1577 Is
494 1524 554 1576 non
578 1519 672 1576 solum
697 1519 797 1576 hostos
825 1523 843 1575 a
871 1523 957 1575 moris
985 1517 1171 1592 Carthaginis
1194 1522 1285 1575 remo-

286 1626 336 1696 vit,
365 1643 433 1682 cum
461 1624 586 1699 amplius
614 1633 735 1681 centurn
763 1623 842 1681 milia
870 1623 948 1680 facta
976 1632 1073 1681 essent
1101 1628 1285 1694 armatorum,

286 1730 339 1790 sed
362 1731 450 1788 etiam
472 1735 509 1788 eo
531 1730 683 1804 compulit,
705 1738 737 1786 ut
758 1729 892 1786 locorum
912 1729 1051 1804 angustiis
1077 1728 1167 1786 clausi
1191 1729 1286 1803 ploras

286 1839 474 1911 famaquam
496 1835 574 1893 ferro
596 1835 756 1892 interirent.
798 1834 907 1893 Omnia
928 1833 1040 1909 oppida
1065 1835 1238 1905 abalionata,
1258 1834 1286 1891 in

237 1965 262 2013 ις
286 1949 328 2000 eis
352 1942 472 2002 Uticam
497 1950 586 2015 atque
615 1941 801 2015 Hipponem,
824 1939 1021 1997 valentissima
1050 1945 1138 1997 totius
1164 1926 1284 2010 africae,

286 2048 412 2106 restituit
445 2047 567 2122 patriae.
623 2046 730 2119 Neque
766 2051 802 2103 eo
834 2044 888 2101 suit
919 2054 1086 2116 contentus,
1115 2045 1169 2102 sed
1202 2046 1284 2102 etiarn

287 2155 366 2212 linos
393 2154 509 2227 imperii
536 2152 719 2227 propagavit,
741 2156 803 2209 tota
831 2137 931 2207 africa
959 2161 1072 2209 tantum
1102 2152 1196 2209 otium
1225 2152 1284 2209 red-

287 2259 374 2331 didit,
401 2268 434 2316 ut
468 2259 580 2316 millum
611 2258 641 2314 in
675 2262 711 2314 ea
746 2255 856 2315 bellum
891 2255 1040 2314 vidor'e'tur
1075 2256 1173 2314 multis
1209 2263 1285 2314 annis

287 2367 384 2424 fuisse.

236 2497 265 2528 ιο
328 2473 387 2529 ΙΙΙ.
417 2469 519 2528 Robus
555 2469 599 2525 his
635 2486 673 2525 ex
706 2468 854 2525 sententia
886 2473 1012 2542 peractis
1047 2468 1156 2526 fidenti
1190 2450 1291 2525 aninlo

214 2596 218 2601 ·
287 2587 376 2651 atque
403 2575 510 2632 infesto
539 2575 691 2643 Romanis
714 2578 774 2647 quo
803 2573 915 2631 facilius
943 2592 1061 2630 causam
1083 2566 1221 2631 bellandi
1246 2591 1285 2629 re·

288 2687 405 2756 periret,
428 2679 530 2737 effocit
557 2688 589 2735 ut
616 2679 776 2753 imperator
804 2697 872 2736 cum
901 2678 1032 2736 exercito
1057 2678 1087 2735 in
1113 2679 1286 2754 Hispaniam

288 2788 460 2857 mitteretur,
482 2789 578 2859 eoque
607 2789 707 2842 socum
736 2783 819 2841 doxit
847 2784 944 2841 silium
973 2756 1293 2949 Hannibalem!

288 2912 351 2950 rum
376 2874 607 2980 novem.{Erat
631 2895 786 2965 praeterea
808 2908 876 2947 cum
902 2894 939 2947 eo
960 2891 1134 2949 adulascans
1155 2884 1287 2962 inustris,

237 3026 263 3072 25
287 2998 452 3068 formosus,
469 2994 648 3066 Hasdrubal,
663 3002 711 3052 cui
732 2995 779 3052 ille
802 2994 896 3052 filiam
918 3014 1001 3053 suam
1023 2996 1053 3053 in
1072 2996 1286 3055 matrimonium

288 3227 356 3266 care
378 3212 478 3266 occiso
498 3207 547 3264 ille
569 3206 709 3264 exercitui
730 3206 855 3280 praefuit
877 3211 981 3281 rosque
1008 3212 1128 3283 magnas
1152 3209 1242 3283 gessit
1262 3217 1289 3265 et

288 3321 426 3389 princeps
456 3312 609 3387 largitione
640 3316 770 3369 vetustos
801 3312 941 3385 pervertit
976 3317 1072 3371 moros
1108 3314 1287 3389 Carthagini-

289 3421 402 3479 onsium
431 3418 624 3491 oiusdemque
649 3426 721 3491 post
752 3427 878 3474 mortem
908 3417 1061 3477 Hannibal
1090 3420 1129 3478 ab
1164 3420 1288 3477 exercita

239 3556 267 3601 3⁰
288 3526 406 3601 accapit
426 3524 593 3599 imperium.

330 3632 380 3689 IV.
410 3633 450 3687 At
484 3628 647 3698 Hamilcar,
679 3633 873 3702 posteaquam
908 3647 989 3686 mare
1024 3630 1136 3687 transiit
1171 3631 1203 3688 in
1238 3630 1286 3688 Hi·

289 3737 481 3813 spaniamque
515 3734 605 3805 vonit,
634 3738 753 3807 magnas
783 3738 829 3791 ros
867 3733 999 3792 secunda
1032 3736 1121 3811 gessit
1152 3737 1286 3806 fortuna,
