2817 4250
120 321 176 385 ιιι]
364 285 368 294 ’
525 315 782 366 rnnnsrsuuus
1139 324 1180 389 39

122 500 314 567 contemptus
347 502 392 549 est
427 495 522 566 prime
557 495 574 548 e
608 495 737 565 tyrannis
771 498 859 564 atque
894 490 956 548 eius
990 490 1128 549 selitride.

122 599 209 673 Quae
227 597 350 674 quidem
372 601 418 655 res
440 606 470 654 et
491 596 544 654 illis
566 595 826 654 contemnentibus
846 595 990 670 pernicie
1009 606 1040 654 et
1060 598 1129 658 huic

122 703 269 780 despecte
298 703 383 761 salini
411 703 483 775 luit3
519 703 629 760 etenim
658 701 723 760 illes
751 706 856 776 segnes
884 701 922 760 ad
952 679 1130 778 persequen-
1188 704 1190 706 ’

122 812 206 883 dum,
235 809 289 868 hes
318 819 417 866 autem
445 819 580 883 tempore
609 807 647 864 ad
675 797 911 882 comparandum
947 808 1019 867 date
1054 809 1129 867 fecit
1173 808 1176 811 ’
1268 817 1271 822 “

121 917 312 976 rebustieres.
369 915 437 989 Quo
472 913 565 988 magis
600 924 793 989 praeceptum
829 913 900 972 illud
933 916 1065 973 omnium
1099 917 1130 974 in
1154 937 1164 984 5

122 1023 228 1080 animis
262 1039 326 1080 esse
362 1019 462 1091 debet,
498 1019 569 1077 nihil
604 1020 635 1076 in
669 1019 748 1078 belle
788 1025 927 1095 oportere
969 1028 1129 1095 contemni,

122 1146 222 1203 neque
247 1129 310 1186 sine
331 1132 421 1184 cause
445 1125 553 1185 dicitur
577 1131 701 1183 matrem
727 1125 823 1183 timidi
847 1127 916 1184 flere
941 1132 1001 1185 nen
1025 1129 1128 1186 solere.

123 1235 233 1309 Neque
256 1244 356 1292 tamen
380 1237 435 1308 pre
460 1231 600 1308 opiniene
623 1232 799 1307 Thrasybirli
823 1243 926 1290 auctae
948 1244 1015 1291 sunt
1036 1239 1128 1309 opes;

122 1359 193 1397 nam
218 1340 278 1396 iam
300 1339 354 1397 illis
376 1339 559 1414 temporibus
580 1337 683 1396 lortius
703 1338 777 1396 boni
797 1343 851 1412 pre
872 1338 1006 1397 libertete
1027 1340 1128 1414 loque-

123 1446 232 1505 bantur
260 1463 349 1521 quam
377 1445 557 1520 prignebant.
601 1445 683 1502 Hinc
708 1444 739 1501 in
764 1446 898 1502 Piraeum
923 1445 1037 1503 trinsiit
1061 1448 1128 1504 Mii-
1154 1475 1181 1504 ιο

122 1552 322 1627 nychiamque
352 1551 483 1608 mimivit.
531 1551 620 1608 Hanc
648 1549 693 1609 bis
721 1557 836 1625 tyranni
864 1556 1035 1626 oppignere
1063 1563 1130 1610 sunt

123 1656 231 1730 adorti,
253 1657 291 1716 ab
316 1662 409 1732 eique
436 1655 559 1732 turpiter
581 1655 689 1730 repulsi
711 1656 845 1731 pretinus
866 1657 897 1714 in
917 1657 1022 1716 urbem
1043 1664 1130 1716 armis

122 1764 405 1839 impedimentisque
427 1768 540 1820 emissis
561 1763 746 1836 relegerunt.

165 1856 245 1929 Usus
270 1878 315 1927 est
338 1869 537 1944 Thrasybulus
561 1874 621 1926 nen
644 1869 740 1925 minus
761 1867 918 1943 pnidentie
939 1887 1028 1942 quam
1050 1869 1129 1928 lorti-

123 1974 228 2034 tirdine
240 1996 248 2048 ;
277 1993 345 2032 nam
371 1974 514 2032 cedentes
538 1974 640 2033 violeri
662 1975 897 2033 vetuit-cives
919 1976 998 2032 enim
1019 1976 1131 2034 civibus
1155 2001 1179 2046 ¹5

124 2099 249 2157 parcere
273 2098 401 2155 aequum
426 2080 726 2156 censebat-—neque
750 2081 906 2155 quisquam
931 2091 975 2140 est
999 2082 1129 2140 vulnere·

123 2199 172 2245 tus
197 2187 253 2245 nisi
277 2193 328 2262 qui
353 2187 432 2261 prior
456 2186 628 2261 impugnere
653 2188 754 2244 voluit.
797 2188 957 2245 Neminem
982 2189 1129 2246 iacentem

123 2304 207 2352 veste
235 2292 380 2367 spolievit,
411 2292 452 2349 nil
480 2293 576 2367 attigit
606 2292 661 2350 nisi
693 2312 783 2364 arma,
811 2298 937 2367 querum
969 2294 1130 2369 indigebat,

123 2417 262 2475 quaeque
283 2399 322 2457 ad
347 2405 457 2456 victum
483 2399 679 2472 pertinebant.
723 2400 758 2455 In
784 2400 917 2457 secundo
943 2400 1057 2473 proelie
1081 2418 1130 2458 ce·

124 2504 202 2563 cidit
244 2505 358 2577 Crities,
394 2504 455 2561 dux
497 2509 697 2578 tyrannerum,
733 2522 801 2561 curn
836 2505 958 2579 quidem
992 2505 1131 2564 adversus
1154 2534 1182 2565 ιο

123 2611 340 2686 Thrasybirlum
369 2610 525 2668 fortissime
555 2614 708 2684 pugnaret.

166 2718 226 2773 ΙΙΙ.
256 2718 328 2773 Ηόο
357 2716 476 2773 delecte
505 2716 660 2773 Pausanias
691 2715 770 2772 venit
798 2716 903 2773 Atticis
934 2718 1051 2789 auxilie,
1080 2723 1131 2776 rex

124 2822 442 2880 Lacedaemonierum.
499 2822 529 2878 Is
564 2821 639 2878 inter
675 2820 890 2896 Thrasybulum
928 2833 957 2879 et
992 2828 1055 2895 ees„
1081 2832 1131 2898 qui

123 2929 230 2987 urbem
259 2928 410 2997 tenebant,
432 2926 508 2983 iecit
535 2932 641 3001 pacem
669 2927 714 2984 his
741 2927 986 2986 condicionibus:
1014 2934 1053 2987 ne
1080 2937 1156 3003 qui.

123 3043 243 3109 praeter
269 3033 385 3107 triginta
410 3037 548 3106 tyrannes
575 3042 604 3089 et
629 3032 746 3103 decem,
771 3040 822 3107 qui
847 3040 952 3107 postea
979 3040 1131 3109 praeteres
1154 3064 1179 3110 ²5

124 3145 217 3197 creeti
241 3138 398 3214 superieris
423 3142 507 3195 mere
535 3136 716 3196 credelitetis
744 3150 827 3196 erant
855 3143 909 3210 risi,
933 3140 1131 3199 adficerentur

123 3245 228 3303 exsilii>
253 3249 328 3301 neve
353 3244 432 3303 bona
460 3243 698 3317 pirblicerentur3
727 3250 774 3301 -rei
798 3245 934 3318 priblicae
962 3249 1130 3319 preceretie

124 3350 238 3426 popule
267 3349 449 3407 redderetur.
502 3350 686 3407 Praeclerum
716 3349 773 3407 hec
801 3368 919 3425 quoque
946 3352 1128 3427 Thrasybirli,

124 3456 207 3531 quod
232 3456 423 3514 reconcilieta
448 3460 532 3529 pice,
555 3474 622 3512 cum
648 3455 805 3529 plurimum
830 3457 860 3514 in
881 3458 999 3515 civitete
1020 3469 1130 3532 posset,

123 3564 222 3638 legem
248 3560 313 3618 tulit
338 3565 376 3618 ne
400 3561 465 3634 quis
486 3570 554 3618 ante
576 3567 708 3619 ectemm
730 3566 827 3619 rerum
848 3567 1035 3621 accerseretur
1055 3569 1130 3622 neve
1153 3596 1181 3640 30

124 3668 307 3737 multeretur,
344 3684 469 3741 eamque
504 3667 544 3723 illi
579 3666 734 3725 oblivienis
769 3669 959 3743 appellemnt.
1023 3670 1130 3743 Neque

120 3778 196 3835 vere
221 3773 298 3830 hanc
324 3780 437 3830 tantum
463 3772 615 3830 ferendam
638 3773 759 3845 ebriavit,
781 3773 835 3831 sed
857 3774 946 3830 etiam
967 3784 999 3831 ut
1020 3775 1131 3833 valeret
