2817 4250
637 829 729 887 XXV.
766 827 949 889 ATTICUS.
991 919 993 924 ,

333 1013 357 1070 I.
391 1013 428 1072 T.
464 1015 645 1090 Pompanius
679 1016 803 1086 Atticus,
839 1015 878 1076 ab
912 1015 1023 1091 origine
1059 1015 1163 1073 iiltima
1196 1015 1289 1090 stirpis

292 1120 446 1178 Ramanae
487 1127 651 1196 generatus,
692 1127 839 1197 perpetua
880 1127 898 1179 a
939 1121 1099 1180 maioribus
1139 1131 1290 1196 acceptam

291 1236 458 1301 equestrem
485 1227 612 1286 obtinuit
639 1227 823 1303 dignitatem.
873 1228 958 1285 Patre
985 1231 1055 1285 risus
1082 1236 1127 1285 est
1153 1226 1290 1302 diligente

291 1343 331 1402 et,
352 1343 385 1390 ut
409 1343 471 1390 turn
500 1342 583 1390 erant
610 1343 755 1408 tempora,
777 1334 831 1392 diti
858 1334 1060 1408 imprimisque
1089 1331 1221 1391 studiaso
1248 1333 1289 1390 lit-

256 1459 267 1507 ς
291 1443 427 1496 teramm.
471 1439 541 1510 Hic,
563 1448 651 1512 prout
679 1439 743 1514 ipse
771 1440 889 1497 amabat
916 1439 1037 1510 litteras,
1059 1439 1195 1497 omnibus
1222 1437 1288 1498 doc-

290 1549 370 1602 trInis
391 1544 498 1618 quibus
519 1545 638 1618 puerilis
659 1551 740 1602 aetas
761 1544 905 1620 impertiri
925 1544 1017 1604 dabet
1040 1544 1138 1601 filium
1159 1543 1288 1603 amdivit.

292 1650 363 1706 Erat
390 1658 489 1707 autern
518 1650 546 1706 in
575 1655 668 1724 puera
696 1660 813 1726 praeter
838 1649 1020 1708 docilitatem
1046 1649 1155 1724 ingenii
1179 1668 1290 1708 summa

290 1755 415 1812 suavitas
436 1755 495 1812 (iris
515 1764 604 1830 atque
625 1756 716 1827 vocis,
737 1766 770 1813 ut
792 1760 853 1814 nan
874 1757 968 1813 salum
989 1755 1124 1813 celeriter
1145 1756 1290 1830 acciperet

290 1877 367 1934 quae
405 1860 604 1931 tradabantur,
640 1861 694 1918 sed
733 1861 823 1919 etiam
862 1861 1043 1919 excellenter
1082 1862 1288 1935 praniintiaret.

242 1992 268 2023 ιο
291 1966 359 2038 Qua
386 1984 422 2022 ex
453 1970 484 2023 ra
515 1967 546 2023 in
577 1967 703 2041 pueritia
733 1967 843 2026 nabilis
873 1967 950 2025 inter
980 1966 1117 2040 aequales
1150 1966 1291 2025 lerabatur

239 2103 242 2108 -
290 2071 453 2147 clariusque
491 2073 756 2147 exsplendescebat
798 2091 888 2149 quam
926 2077 1062 2149 generasi
1099 2072 1291 2149 condiscipuli

290 2179 390 2236 anima
418 2186 514 2253 aequo
539 2179 614 2238 ferre
639 2190 770 2255 possent.
814 2181 918 2254 Itaque
944 2180 1085 2238 incitabat
1109 2184 1214 2237 omneis
1234 2190 1288 2236 stu·

290 2285 341 2343 dia
366 2290 430 2357 suo,
451 2291 511 2359 qua
536 2286 565 2343 in
587 2291 711 2343 numera
733 2286 849 2343 luamnt
871 2287 904 2343 L.
925 2286 1101 2361 Torquatus
1124 2285 1159 2343 C.
1184 2285 1289 2342 Marius

290 2392 379 2463 lilius,
402 2394 445 2449 M.
467 2392 592 2463 Cice163
621 2396 695 2465 quas
718 2390 933 2451 cansuatirdine
957 2397 1011 2450 sua
1034 2397 1076 2449 sic
1101 2389 1240 2461 devinxit,
1260 2400 1289 2447 ut

241 2520 265 2565 ις
289 2503 379 2556 nami>
392 2506 434 2556 eis
455 2504 597 2573 perpetua
617 2505 676 2556 vita
697 2499 784 2557 fuerit
804 2501 907 2557 carior.

331 2606 372 2662 ΙΙ.
402 2606 488 2661 Pater
515 2609 627 2662 matrira
654 2605 792 2663 dacessit.
842 2607 910 2680 Ipse
940 2603 1178 2663 adulascentulus
1205 2621 1288 2679 prop·

290 2720 335 2767 ter
356 2710 545 2768 adfinitatem
569 2712 600 2767 P.
622 2711 752 2785 Sulpicii,
775 2717 825 2784 qui
845 2712 976 2770 tribanus
1001 2711 1099 2785 plabai
1124 2710 1290 2767 interfectus

290 2826 344 2888 est,
365 2797 556 2891 nan'expers
578 2817 631 2873 suit
653 2817 728 2875 illius
749 2818 872 2891 periculi
882 2838 890 2889 ;
919 2834 1047 2891 namque
1069 2816 1183 2887 Anicia,
1207 2818 1289 2874 Pom·

290 2923 373 2997 panii
400 2923 586 2992 cansabrina,
608 2927 748 2998 nupserat
777 2923 886 2994 Servia,
909 2923 990 2980 fratri
1017 2921 1145 2997 Sulpicii.
1189 2923 1290 2996 Itaque

239 3059 268 3090 20
289 3030 445 3087 interlecti)
478 3029 609 3103 Sulpicia
644 3035 749 3104 postea
777 3048 866 3103 quam
901 3028 975 3087 vidit
1003 3028 1139 3087 Cinnana
1168 3028 1291 3086 tumulti

290 3135 437 3193 civitatem
472 3153 536 3193 esse
571 3135 772 3210 perturbatam
803 3152 899 3209 neque
935 3135 991 3193 sibi
1025 3134 1090 3192 dari
1125 3134 1290 3192 facultatem

289 3246 344 3315 pra
365 3240 506 3315 dignitate
530 3241 658 3312 vivendi,
683 3247 754 3316 quin
782 3239 951 3298 alterutram
980 3250 1095 3315 partem
1121 3240 1291 3309 olienderet,

290 3346 452 3405 dissociatis
487 3347 592 3405 animis
626 3347 743 3419 civium,
779 3365 848 3404 cum
886 3346 935 3404 alii
972 3347 1104 3418 Sullanis,
1139 3347 1189 3404 alii
1225 3347 1290 3404 Cin·

290 3457 372 3509 nanis
410 3452 541 3510 favarent
577 3453 717 3527 partibus,
750 3451 892 3512 idoneum
927 3462 1044 3527 tempus
1079 3462 1158 3510 ratus
1193 3451 1290 3510 studiis

239 3578 266 3626 25
291 3558 475 3631 obsequendi
503 3565 561 3615 suis
592 3559 723 3616 Athauas
754 3564 786 3617 sa
814 3559 948 3616 contulit.
1004 3559 1111 3633 Neque
1140 3563 1178 3615 ea
1207 3557 1290 3615 satius

290 3664 511 3722 adulaseentem
534 3664 661 3721 Marium
684 3666 799 3722 hostem
821 3664 984 3723 iridicatum
1006 3664 1078 3721 iavit
1099 3663 1207 3739 opibus
1227 3669 1289 3731 suis,

290 3770 371 3827 cirins
396 3770 495 3843 sugam
520 3770 647 3843 pecriuia
673 3769 844 3827 sublevavit.
885 3772 928 3827 Ac
957 3773 995 3827 na
1024 3770 1071 3826 illa
1098 3769 1289 3844 peregrinatis)

746 3896 792 3933 120
