2817 4250
494 786 569 858 Ex
617 771 786 860 riano

272 967 635 1063 CORNELII
690 969 1001 1067 NEPOTIS

321 1179 386 1256 DE
425 1179 622 1258 earinis
663 1181 951 1259 rusrourcis
1043 1222 1050 1234 ·

504 1561 613 1619 xxw.
648 1547 766 1621 caro.

133 1798 142 1806 .
174 1748 199 1805 Ι.
229 1749 274 1806 M.
302 1747 389 1819 Cata,
417 1756 497 1806 ortus
531 1747 692 1822 municipia
726 1747 864 1820 Tusculo,
893 1747 1137 1821 adulascentulus,

130 1853 305 1927 priusquam
330 1853 491 1912 honoribus
517 1871 639 1928 operam
664 1853 758 1926 daret,
780 1859 913 1912 versatus
938 1865 981 1912 est
1006 1855 1036 1910 in
1058 1855 1137 1913 Sabi-

130 1965 188 2030 nis
209 1959 292 2033 quod
317 1959 359 2017 ibi
387 1959 541 2018 haradium
569 1965 588 2016 a
614 1969 697 2033 patre
723 1959 857 2017 relictum
883 1960 1019 2019 hababat.
1062 1959 1137 2018 Inde

132 2064 251 2122 hortata
275 2050 308 2122 L.
332 2064 441 2122 Valerii
466 2064 574 2136 Flacci,
600 2082 690 2140 quem
716 2065 746 2122 in
774 2065 928 2122 cansulata
956 2070 1137 2141 eansuraque

131 2171 237 2229 habuit
258 2172 423 2246 conlagam,
438 2182 470 2228 ut
492 2173 534 2229 M.
551 2173 708 2246 Perpenna
728 2172 878 2229 censarius
901 2178 1015 2229 narrare
1037 2173 1138 2231 solitus
1160 2194 1171 2241 5

131 2288 188 2347 est,
211 2278 340 2334 Ramam
365 2276 539 2352 damigravit
564 2278 593 2334 in
619 2278 744 2351 lotaque
770 2296 833 2335 esse
857 2278 966 2353 coepit.
1009 2280 1137 2337 Pn'mum

131 2382 315 2457 stipendium
338 2384 443 2440 meruit
464 2388 607 2440 annarum
629 2383 736 2440 decem
758 2394 944 2458 septemque.
987 2385 1024 2457 Q.
1044 2385 1137 2442 Fabia

132 2490 179 2545 M.
208 2488 335 2546 Claudio
362 2489 532 2547 consulibus
563 2489 695 2547 tribunus
728 2489 851 2545 militum
882 2489 913 2545 in
944 2490 1039 2548 Sicilia
1071 2490 1134 2548 suit.

131 2594 211 2653 Inde
244 2605 278 2651 ut
308 2594 405 2664 rediit,
433 2604 528 2653 eastra
558 2599 675 2653 secatus
707 2603 752 2652 est
783 2595 818 2652 C.
849 2595 967 2653 Claudii
999 2596 1137 2667 Nemnis,

131 2705 291 2774 magnique
317 2718 409 2774 opera
436 2700 499 2757 aius
527 2700 691 2757 existimata
715 2709 760 2757 est
788 2700 817 2756 in
843 2701 956 2774 proelia
982 2701 1062 2775 apud
1087 2703 1135 2759 Sa·
1162 2726 1188 2755 ιο

131 2824 213 2876 nam,
234 2811 294 2880 quo
316 2805 426 2863 cecidit
447 2805 627 2875 Hasdrubal,
650 2805 738 2863 srater
764 2806 947 2863 Hannibalis.
991 2807 1138 2879 Quaestor

130 2911 240 2985 obtigit
274 2914 306 2969 P.
338 2898 477 2969 africana
512 2912 634 2982 consuli,
668 2930 736 2968 cum
772 2917 832 2986 quo
867 2917 927 2969 non
963 2918 1017 2986 pra
1051 2914 1137 2970 sortis

129 3018 282 3075 necessita
294 3017 354 3074 line
388 3017 478 3087 vixit3
521 3034 649 3090 namque
681 3017 719 3075 ab
754 3022 790 3073 eo
822 3025 965 3091 perpetua
1000 3018 1137 3076 dissansit

129 3128 200 3179 vita.
242 3122 355 3181 Aedilis
383 3122 481 3197 plabta
509 3123 603 3179 sactus
629 3131 673 3179 est
697 3140 766 3178 cum
792 3124 826 3181 C.
854 3123 971 3181 Helvia.
1016 3126 1138 3183 Praetor

129 3228 314 3303 provinciam
340 3228 468 3286 obtinuit
492 3227 665 3299 Sardiniam,
687 3246 725 3285 ex
746 3234 805 3302 qua
826 3238 964 3301 quaestor
985 3231 1136 3304 superiore
1162 3258 1185 3303 ις

130 3345 269 3408 tempore
304 3352 341 3390 ex
375 3320 475 3390 africa
508 3332 733 3407 dacadans.Q.
763 3335 891 3391 Ennium
928 3339 1047 3409 poatam
1083 3336 1135 3393 da-

130 3439 266 3509 daxerat,
290 3439 372 3513 quod
401 3444 461 3496 nan
490 3439 611 3497 minaris
639 3440 828 3497 aestimamus
857 3457 944 3513 quam
974 3441 1137 3514 quemlibet

128 3546 345 3620 amplissimum
366 3546 584 3604 Sardiniensem
607 3546 796 3619 triumphum.

172 3653 213 3710 II.
244 3651 438 3710 Consulatum
467 3652 556 3726 gessit
585 3670 652 3708 cum
683 3653 715 3708 L.
744 3651 862 3708 Valerio
891 3653 1008 3710 Flacca.
1051 3654 1135 3710 Sorte

128 3758 314 3835 provinciam
349 3767 452 3815 nactus
487 3757 662 3832 Hispaniam
698 3757 875 3831 citeriarem,
900 3776 937 3813 ex
967 3763 1003 3813 ea
1034 3757 1132 3813 trium·
1157 3784 1185 3815 κο

639 3890 684 3940 117
