2817 4250
456 866 544 922 xiii.
579 852 835 926 Timoruuus

182 1053 208 1109 Ι.
237 1051 421 1122 Timotheus,
440 1051 572 1109 Conenis
593 1051 684 1124 lilius,
706 1053 901 1112 Atheniensis.
945 1054 1004 1112 Hic
1026 1061 1148 1130 epatre

140 1167 299 1232 acceptam
318 1156 440 1231 gleriam
463 1158 560 1215 multis
581 1159 660 1216 auxit
681 1159 835 1217 virtirtibus
847 1180 855 1231 3
881 1160 934 1217 urit
956 1161 1034 1217 enim
1057 1161 1147 1219 diser·

140 1272 197 1333 tus,
224 1263 358 1338 impiger,
380 1263 550 1333 laberiesu5‚
573 1269 615 1319 rei
639 1264 770 1322 militetis
795 1271 904 1339 peritus
929 1285 1026 1340 neque
1052 1268 1148 1325 minus

141 1368 268 1426 civitetis
293 1367 449 1443 regendae.
493 1369 588 1426 Multa
613 1369 698 1426 helius
724 1379 792 1441 sunt
813 1371 964 1445 praeclere
986 1374 1072 1443 sacta,
1094 1373 1147 1430 sed

142 1474 218 1532 haec
236 1475 364 1532 mexime
382 1474 520 1532 inldstria.
563 1475 719 1549 Olynthies
739 1485 769 1533 et
789 1477 944 1550 Byzanties
963 1478 1043 1535 belle
1063 1478 1148 1536 sube-
1173 1498 1183 1545 5

141 1581 193 1655 git.
237 1582 357 1639 Samum
385 1581 484 1654 cepit;
515 1581 632 1655 inque
660 1581 1041 1658 oppignandesuperiere
1070 1585 1148 1643 belle
1216 1569 1217 1573 Ἰ
1322 1631 1327 1645 .

141 1687 339 1744 Athenienses
366 1687 444 1744 mille
473 1697 502 1744 et
534 1685 663 1745 ducenta
694 1688 805 1746 talenta
836 1694 1088 1764 censumpserant,
1118 1690 1148 1749 id

141 1793 191 1850 ille
216 1792 280 1850 sine
304 1793 363 1850 ulle
386 1793 505 1866 pirblice
527 1793 662 1866 impensa
685 1795 799 1868 popule
824 1795 958 1853 restituit.
1000 1796 1149 1855 Adversus

142 1900 253 1958 Cotum
282 1898 359 1956 bella
389 1899 478 1973 gessit
509 1899 549 1957 ab
580 1905 676 1974 eeque
708 1901 786 1958 mssle
818 1911 848 1958 et
879 1901 1008 1959 ducenta
1039 1903 1149 1961 talenta

141 2003 272 2080 praedae
302 2005 331 2062 in
360 2005 510 2080 publicum
540 2005 659 2063 rettulit.
715 2007 857 2080 Cyzicum
890 2007 1046 2067 obsidiene
1078 2009 1148 2068 libe-
1174 2035 1200 2065 10

142 2112 226 2169 revit.
256 2110 458 2180 ,Ariobarzeni
486 2111 571 2169 simul
600 2131 668 2168 curn
698 2113 833 2188 Agesilee
861 2113 969 2172 auxilie
998 2115 1148 2189 profectus

142 2227 197 2288 est,
223 2224 240 2275 e
268 2224 327 2292 que
357 2237 424 2274 cum
457 2219 537 2275 Lace
569 2219 728 2292 pecuniam
759 2227 943 2278 numeratam
975 2223 1148 2296 accepisset,

142 2324 192 2381 ille
217 2328 295 2381 cives
321 2328 388 2381 sues
413 2328 484 2398 agre
509 2334 597 2398 atque
623 2325 743 2382 urbibus
765 2303 864 2400 augeri
885 2327 986 2385 meluit
1007 2346 1096 2401 quarn
1119 2328 1149 2386 id

143 2434 269 2499 semem,
292 2430 374 2486 cuius
399 2440 513 2503 partem
539 2428 661 2487 domum
688 2449 771 2487 suam
795 2433 869 2489 ferre
891 2443 1000 2506 posset.
1045 2435 1149 2508 Itaque

143 2535 261 2609 accepit
282 2535 438 2593 Critheten
460 2545 489 2593 et
510 2537 635 2593 Sestum.
1174 2556 1198 2601 15

186 2642 227 2697 ΙΙ.
257 2628 343 2699 ldem
365 2641 450 2698 classi
471 2642 636 2715 praefectus
658 2642 880 2701 circumvehens
901 2644 1148 2719 Peloponnesum,

144 2746 314 2805 Lacenicen
348 2747 514 2821 populatus,
542 2747 665 2804 classem
701 2753 804 2819 cerum
840 2749 959 2824 fugavit,
989 2752 1149 2825 Corcyram

143 2853 201 2911 sub
228 2853 385 2927 imperium
413 2853 637 2911 Atheniensium
665 2854 780 2928 redegit
808 2856 963 2930 sociesque
992 2857 1061 2914 dein
1098 2858 1149 2916 ad-

143 2959 239 3017 ismxit
262 2946 407 3033 EpiretaS,
423 2962 611 3031 AthamenaS,
628 2960 765 3019 Cheonas
785 2966 947 3034 omnesque
969 2968 1018 3019 ees
1037 2968 1150 3037 gentes,

144 3084 223 3139 quae
252 3083 332 3123 mare
360 3065 431 3124 illud
459 3067 605 3125 adiacent.
649 3068 718 3140 Que
748 3067 825 3123 facte
855 3067 1085 3125 Lacedaemonii
1112 3069 1151 3127 de
1175 3086 1202 3116 20

144 3171 261 3228 dietine
285 3174 475 3230 contentiene
502 3174 676 3232 destiterunt
702 3183 732 3230 et
759 3178 812 3228 sue
835 3183 941 3246 sponte
966 3175 1150 3232 Atheniensi-

144 3279 201 3335 bus
223 3279 339 3353 imperii
360 3280 497 3336 maritimi
521 3281 717 3354 principatum
746 3283 963 3349 concesserunt,
986 3286 1151 3354 pacemque

146 3388 188 3438 eis
219 3384 332 3458 legibus
373 3385 594 3455 censtituerunt,
635 3396 666 3441 ut
708 3385 902 3443 Athenienses
946 3391 1019 3441 mari
1060 3385 1152 3443 duces

146 3499 256 3546 essent.
299 3490 384 3563 Quae
407 3492 529 3548 victeria
554 3501 652 3547 tantae
676 3491 729 3547 suit
749 3492 854 3548 Atticis
875 3491 1011 3561 laetitiae,
1036 3501 1067 3547 ut
1088 3500 1151 3548 tum

147 3601 276 3669 primum
301 3601 368 3653 erae
392 3598 460 3653 Peci
480 3596 598 3670 publice
620 3597 677 3653 sint
698 3597 793 3652 factae
816 3603 901 3669 eique
925 3595 1000 3654 deae
1021 3598 1153 3671 pulvinar
1176 3615 1201 3660 25

147 3701 186 3757 sit
210 3701 384 3758 institutum.
427 3703 517 3760 Ceius
542 3702 635 3759 laudis
660 3711 691 3759 ut
718 3702 860 3759 memoria
889 3708 1028 3773 maneret,
1051 3705 1151 3761 ‘limo-

148 3805 221 3862 thee
247 3807 364 3880 publice
389 3818 513 3865 statuam
539 3810 568 3865 in
591 3809 654 3865 fore
676 3813 844 3881 posuerunt.
888 3809 947 3881 Qui
968 3810 1062 3865 hones
1085 3810 1152 3864 huic

660 3941 691 3992 57
