2817 4250
124 307 196 371 νη,
579 306 727 357 ATrICUs
1024 341 1027 345 -
1124 310 1181 374 123

125 479 165 552 Q.
186 479 284 536 Tullie
309 479 457 551 Cicereni,
479 485 587 554 eesque
612 479 728 554 nepties
754 481 797 538 M.
820 479 927 540 Cicere
952 479 1131 551 concilierat,

124 604 194 641 curn
223 591 284 659 que
312 591 329 642 e
356 585 591 660 condiscipuletfl
618 587 734 644 vivebat
761 587 1010 656 conit'mctissime,
1039 587 1131 643 multe

124 691 216 748 etiam
251 691 419 748 familierius
453 709 543 765 quam
575 711 644 748 cum
676 692 806 765 Quinte,
827 702 859 749 ut
889 691 1012 750 iiidiceri
1039 692 1133 766 possit

124 796 192 870 pli'rs
219 797 251 854 in
274 797 404 854 amicitie
427 798 524 855 valere
549 797 772 855 similitfidinem
797 803 913 856 merum
937 816 1027 872 quam
1053 797 1130 856 adfi-

123 903 258 960 nitetem.
317 890 465 962 Utebetur
492 913 592 960 autem
621 903 724 962 intime
754 904 791 977 Q.
821 903 993 975 Hortensie,
1021 909 1072 978 qui
1090 910 1132 961 eis
1156 925 1182 972 5.

123 1009 309 1083 temporibus
336 1009 535 1084 principetum
563 1008 751 1083 eloquentiae
780 1009 909 1081 tenebat,
937 1019 970 1067 ut
1003 1010 1132 1084 intellegi

123 1119 186 1171 nen
207 1124 309 1188 posset
329 1100 395 1172 uter
416 1133 484 1172 eum
504 1115 571 1189 plus
593 1114 738 1190 diligeret,
760 1115 868 1174 Cicere
891 1133 929 1172 an
955 1115 1132 1174 Hortensius

124 1229 165 1291 et,
194 1219 226 1277 id
252 1220 335 1294 quod
365 1230 428 1278 erat
459 1220 672 1291 difficillimum,
702 1220 850 1280 efficiebat
881 1230 922 1292 ut,
951 1221 1028 1278 inter
1058 1226 1132 1296 ques

124 1335 225 1382 tantae
254 1325 348 1383 laudis
375 1335 454 1384 esset
481 1326 649 1398 aemuletie,
677 1326 756 1384 nella
783 1326 983 1384 intercederet
1014 1328 1130 1386 obtrec-

124 1432 199 1488 tetie
221 1441 358 1506 essetque
380 1432 482 1489 telium
502 1433 632 1490 virerum
654 1432 771 1506 copula.
1156 1460 1182 1491 10

167 1538 221 1594 VI.
251 1539 287 1594 In
311 1541 343 1595 re
367 1538 486 1611 priblice
510 1537 551 1595 ita
574 1546 619 1595 est
642 1544 782 1621 venitus,
806 1548 839 1596 ut
863 1556 981 1613 semper
1006 1538 1130 1613 optime-

124 1662 192 1700 rum
220 1643 348 1718 partium
376 1653 407 1702 et
434 1653 511 1702 esset
538 1654 569 1701 et
597 1645 820 1716 existimeretur,
845 1662 943 1719 neque
971 1655 1072 1702 tamen
1100 1650 1131 1702 se

124 1749 259 1806 civilibus
288 1749 424 1807 fluctibus
451 1749 661 1820 committeret,
690 1749 772 1824 quod
802 1755 863 1807 nen
897 1750 988 1825 magis
1019 1756 1071 1808 ees
1101 1751 1131 1808 in

124 1861 180 1912 sue
200 1861 348 1929 potestete
369 1855 555 1914 existimebat
575 1873 649 1926 esse,
670 1861 722 1929 qui
743 1860 774 1913 se
796 1856 839 1913 his
860 1855 1022 1927 dedissent,
1042 1874 1130 1931 quam

124 1967 178 2035 qui
206 1960 359 2018 maritimis
386 1961 572 2018 lacterentur.
626 1963 767 2020 Honeres
795 1966 856 2018 nen
883 1961 977 2036 petiit,
1007 1981 1075 2019 cum
1104 1970 1132 2020 ei
1155 1983 1179 2032 ¹5

124 2071 264 2141 paterent
284 2078 408 2141 propter
427 2066 474 2123 vel
494 2065 618 2141 gretiam
639 2067 686 2125 vel
707 2066 901 2143 dignitetem3
930 2066 1012 2142 quod
1033 2086 1130 2144 neque

125 2179 189 2257 peti
213 2178 297 2230 mere
323 2173 465 2231 meierum
490 2190 588 2247 neque
613 2179 680 2247 capi
706 2184 828 2247 possent
855 2179 1033 2233 censerva'ttis
1061 2176 1129 2250 legi-

126 2264 182 2336 bus
212 2278 244 2335 in
276 2288 336 2335 tam
368 2278 469 2336 effrisis
501 2278 628 2336 ambitr'rs
657 2278 858 2353 largitienibus
891 2296 989 2353 neque
1020 2287 1082 2355 geri
1114 2287 1130 2339 e
1231 2350 1233 2353 ¹

124 2388 158 2442 re
183 2384 302 2457 pirblice
329 2384 392 2441 sine
420 2385 551 2459 pericule
578 2390 723 2459 corruptis
751 2385 873 2442 civitetis
902 2386 1041 2444 meribus.
1084 2387 1131 2444 Ad

125 2489 241 2547 hastam
269 2489 420 2564 publicam
448 2508 609 2565 numquam
638 2490 771 2548 accessit.
823 2490 937 2549 Nullius
965 2498 1007 2549 rei
1034 2510 1131 2567 neque
1153 2519 1182 2550 ιο

124 2613 213 2670 praes
241 2614 339 2670 neque
367 2614 509 2670 manceps
536 2597 630 2654 sactus
658 2607 712 2654 est.
765 2597 925 2654 Neminem
952 2616 1049 2672 neque
1078 2604 1130 2657 sue

124 2701 248 2759 nemine
281 2720 379 2776 neque
411 2701 596 2760 subscribens
627 2702 783 2772 accesserit,
812 2702 843 2760 in
873 2703 917 2760 isis
948 2703 986 2760 de
1017 2710 1070 2761 sue
1099 2708 1130 2761 re
1161 2752 1170 2761 .

123 2825 289 2881 numquam
316 2808 359 2878 iit,
387 2808 529 2865 it'rdicium
556 2808 668 2866 mellum
700 2808 811 2867 habuit.
867 2810 1028 2867 Multemm
1059 2816 1129 2867 cen·

123 2913 222 2971 sulum
250 2918 478 2987 praeterumque
505 2913 705 2987 praefecti‘ues
732 2913 844 2972 deletes
872 2920 913 2971 sic
944 2915 1070 2989 accepit,
1098 2926 1130 2972 ut

121 3018 277 3075 neminem
305 3018 336 3075 in
364 3018 547 3093 previnciam
576 3019 613 3076 sit
642 3025 769 3091 secr’rtus,
798 3019 910 3078 honore
942 3019 1028 3079 suerit
1059 3040 1128 3079 con·
1153 3048 1178 3095 ²5

99 3135 234 3196 tentus,
263 3130 306 3181 rei
339 3124 488 3182 familieris
520 3124 689 3200 despexerit
724 3126 869 3198 srectum3
904 3132 955 3200 qui
988 3132 1026 3185 ne
1061 3146 1128 3185 cum

123 3231 240 3304 Quinte
261 3229 383 3304 quidem
406 3230 551 3289 Cicerone
572 3232 696 3289 voluerit
717 3238 758 3289 ire
780 3232 811 3288 in
831 3232 941 3303 Asiam,
959 3250 1027 3290 cum
1049 3233 1129 3307 apud

122 3354 194 3393 eum
219 3336 308 3411 legeti
332 3336 432 3394 locum
456 3336 591 3395 obtinere
615 3345 725 3411 posset.
768 3338 838 3395 Neu
863 3338 941 3395 enim
968 3336 1075 3396 decere
1098 3344 1130 3397 se
1188 3343 1190 3347 '
1282 3338 1320 3347 ’“
1379 3326 1382 3331 '

122 3441 329 3513 arbitrebetur,
360 3460 429 3500 cum
464 3447 629 3516 praeteram
664 3460 766 3517 gerere
801 3443 951 3516 neluisset,
979 3444 1130 3502 adseclam

122 3563 190 3606 esse
214 3547 367 3622 praeteris.
410 3549 479 3621 Qui
502 3548 533 3605 in
557 3552 590 3606 re
614 3553 674 3607 nen
699 3548 794 3606 selum
819 3549 953 3624 dignitati
974 3549 1129 3622 serviebat,
1152 3572 1180 3617 30

121 3652 178 3712 sed
208 3653 300 3711 etiam
331 3653 539 3728 tranquillitefi,
569 3672 636 3711 cum
667 3654 848 3730 suspicienes
878 3672 997 3729 quoque
1027 3660 1130 3712 viteret

121 3759 293 3820 criminum.
336 3759 404 3835 Que
429 3759 524 3827 siebat
546 3768 580 3818 ut
604 3759 666 3819 eius
687 3760 873 3819 observantia
893 3760 1030 3818 omnibus
1052 3770 1130 3817 esset
