2817 4250
617 860 671 919 xi.
707 844 964 918 indicassis

329 1050 354 1105 I.
386 1033 550 1122 iphicrates
574 1047 761 1105 Atheniensis
785 1050 846 1103 non
874 1056 934 1103 tam
963 1043 1168 1120 magnitudine
1197 1048 1298 1102 retum

287 1159 434 1228 gestarum
463 1171 552 1228 quam
580 1152 736 1226 disciplina
766 1152 883 1208 militari
913 1151 1082 1209 nobilitatus
1114 1159 1170 1207 est.
1229 1148 1301 1206 Fuit

288 1260 368 1317 enim
396 1259 460 1316 talis
489 1258 558 1329 dux,
586 1268 618 1316 ut
645 1263 707 1315 non
735 1258 829 1315 solum
858 1257 960 1314 aetatis
992 1275 1061 1314 suae
1091 1274 1162 1312 cum
1194 1261 1299 1329 primis

287 1369 517 1440 compararetur,
545 1363 598 1422 sed
630 1368 668 1421 ne
699 1362 738 1421 de
770 1363 928 1420 maioribus
960 1367 1031 1420 nitri
1060 1361 1184 1436 quidem
1217 1361 1298 1436 quis·
1399 1404 1400 1425 2

251 1493 261 1540 5
286 1489 376 1546 quam
397 1475 634 1545 anteponeretur.
678 1469 806 1526 Multum
827 1473 898 1525 veto
923 1468 953 1524 in
978 1468 1056 1525 bello
1081 1478 1126 1525 est
1150 1473 1297 1537 versatus,
1399 1466 1400 1477 ¹

287 1595 376 1652 saepe
399 1577 574 1635 exercitibus
596 1576 731 1650 praefuit,
755 1593 899 1649 nusquam
924 1575 1011 1648 culpa
1035 1574 1112 1631 male
1137 1593 1203 1631 rem
1230 1592 1297 1648 ges·
1399 1574 1400 1633 J

287 1685 333 1755 sit,
353 1702 471 1758 semper
492 1683 614 1740 consilio
635 1683 704 1739 vicit
725 1691 898 1755 tantumque
920 1685 957 1738 eo
978 1680 1076 1751 valuit,
1095 1690 1127 1737 ut
1149 1681 1246 1737 multa
1267 1681 1299 1736 in

287 1795 318 1848 re
346 1789 462 1846 militari
489 1788 596 1862 partim
625 1805 701 1844 nova
728 1786 866 1860 attulerit,
889 1785 996 1860 partim
1025 1785 1149 1843 meliora
1174 1785 1298 1843 fecerit.

288 1897 425 1969 Namque
453 1894 501 1951 ille
530 1891 679 1967 pedestria
706 1911 787 1949 arma
814 1893 945 1948 mutavit.
1001 1891 1079 1949 Cum
1108 1901 1179 1948 ante
1212 1891 1298 1947 illum

238 2031 263 2059 ιο
286 2003 496 2075 imperatorem
534 1999 667 2056 maximis
706 1998 817 2072 clipeis,
856 1997 993 2055 brevibus
1031 1997 1131 2067 hastis,
1173 1997 1299 2053 mimitis

286 2106 388 2181 gladiis
413 2110 572 2175 uterentur,
594 2104 641 2161 ille
667 2108 684 2162 e
708 2103 855 2161 contrario
881 2103 991 2178 peltam
1013 2107 1067 2177 pro
1089 2108 1194 2177 parma
1218 2102 1300 2160 fecit

285 2218 352 2269 —a't
379 2217 439 2286 quo
467 2216 572 2285 postea
598 2210 741 2284 peltastae
770 2208 886 2284 pedites
913 2210 1232 2284 appellabantur—ut
1258 2210 1300 2267 ad

287 2323 383 2375 motus
415 2321 632 2390 concursusque
665 2326 763 2373 essent
791 2316 925 2386 levioris,
954 2316 1054 2372 hastae
1084 2315 1212 2372 modum
1242 2314 1298 2372 du-

286 2424 414 2499 plicavit,
443 2422 556 2498 gladios
583 2423 730 2497 longiores
758 2424 842 2480 fecit.
898 2410 985 2480 idem
1013 2441 1106 2497 genus
1135 2423 1299 2480 loricarum

237 2555 261 2601 15
285 2547 395 2586 novum
423 2528 547 2586 instituit
571 2537 602 2585 et
630 2533 684 2602 pro
713 2535 795 2585 sertis
823 2537 911 2602 atque
939 2532 1038 2585 aineis
1066 2528 1172 2585 linteas
1199 2528 1298 2586 dedit.

287 2634 356 2707 Quo
384 2635 464 2690 facto
496 2632 694 2707 expeditiores
726 2633 832 2689 milites
864 2633 995 2691 reddidit
1006 2655 1014 2705 3
1049 2652 1120 2690 nam
1157 2634 1299 2708 pondere

286 2739 430 2809 detracto,
451 2738 532 2811 quod
554 2743 649 2812 aeque
670 2756 777 2812 corpus
799 2748 911 2813 tegeret
932 2749 962 2796 et
984 2739 1047 2796 leve
1070 2749 1149 2797 esset
1172 2740 1299 2797 curavit.

327 2846 369 2902 II.
400 2845 513 2901 Bellum
548 2863 617 2900 cum
650 2844 832 2902 Thraecibus
865 2845 963 2919 gessit,
981 2844 1148 2916 Seuthem,
1178 2846 1299 2903 socium

285 2950 520 3021 Athemensium,
536 2950 565 3006 in
586 2954 708 3024 regnum
728 2950 862 3006 restituit.
904 2950 994 3024 Apud
1013 2950 1193 3008 Corinthum
1214 2957 1301 3008 tanta

235 3087 263 3117 20
285 3057 439 3113 sevcritate
461 3056 601 3113 exercitui
621 3054 756 3128 praefuit,
777 3065 809 3111 ut
831 3055 926 3112 millae
948 3074 1089 3129 umquam
1111 3056 1142 3112 in
1164 3057 1302 3114 Graecia

285 3181 383 3235 neque
412 3160 628 3219 exercitatiores
657 3161 761 3233 copiae
785 3179 882 3233 neque
908 3161 1000 3235 magis
1025 3162 1108 3219 dicto
1136 3163 1302 3220 audientes

286 3268 393 3324 fuerint
418 3265 496 3337 duci,
522 3267 552 3321 in
576 3284 700 3338 eamque
729 3265 974 3324 consuetudinem
1001 3266 1126 3324 addirxit
1153 3278 1197 3340 ut,
1226 3288 1302 3326 cum

285 3372 390 3446 proelii
422 3377 537 3445 signum
567 3371 605 3429 ab
639 3371 817 3444 imperatore
853 3382 929 3428 esset
964 3371 1076 3443 datum,
1106 3374 1172 3430 sine
1210 3374 1303 3432 ducis

285 3483 376 3551 opera
403 3483 445 3533 sic
473 3475 625 3533 ordinatae
653 3475 856 3546 consisterent,
877 3486 909 3532 ut
937 3478 1041 3551 singuli
1065 3484 1083 3535 Ta
1111 3480 1303 3553 peritissimo

234 3618 260 3665 ²5
284 3583 464 3657 imperatore
500 3580 635 3655 dispositi
668 3580 845 3637 vidirentur.
902 3582 972 3638 Hoc
1008 3584 1140 3640 exercitii
1177 3604 1303 3643 moram
1399 3661 1400 3664 Ἴ

285 3688 591 3746 Lacedaemoniorum
615 3686 775 3758 interfecit,
801 3686 881 3761 quod
910 3688 1039 3745 maxime
1068 3695 1133 3746 tota
1161 3691 1303 3750 celebra-

285 3805 347 3851 tum
380 3803 425 3851 est
456 3792 590 3852 Graecia.
646 3795 756 3849 Iterum
790 3792 897 3849 eodem
931 3794 1011 3851 bello
1046 3801 1152 3853 omnes
1191 3798 1304 3871 copias

749 3926 779 3977 52
