2817 4250
233 317 276 394 46
525 324 695 374 connum
719 323 867 372 neronis
890 298 997 370 virae
1239 320 1293 383 [111.

284 498 411 556 minime
436 497 601 572 indulgeret
625 514 723 572 neque
749 513 817 553 eum
842 513 928 553 secus
953 493 1088 569 diligeret
1113 512 1148 550 ac
1172 493 1273 550 filium
1283 515 1293 566 3

283 611 335 679 qui
362 604 494 679 quidem,
523 622 592 660 cum
621 602 775 661 Platonem
806 603 967 659 Tarentum
996 600 1110 658 venisse
1142 600 1228 658 sama
1264 600 1295 656 iu

284 710 412 769 Siciliam
450 719 527 767 esset
563 708 683 784 perlata,
712 707 895 766 adulescenti
927 712 1034 782 negaire
1066 711 1128 764 non
1160 706 1296 781 potuerit

285 823 355 894 quin
381 833 449 872 eum
475 825 645 887 arcesseret,
667 832 735 871 cum
761 813 841 871 Dion
869 812 931 870 eius
958 811 1101 870 audiendi
1127 811 1295 886 cupiditate

249 965 260 1012 5
285 923 429 997 flagrr'tret.
475 921 568 979 Dedit
597 925 667 995 ergo
696 919 765 977 huic
783 919 910 1009 ¹veniam
939 904 1103 994 magnaque
1131 935 1202 975 eum
1231 935 1295 974 arn·

240 1099 245 1109 ι
286 1027 397 1086 bitione
422 1027 577 1101 Syracusis
605 1025 752 1101 perduxit.
796 1026 894 1100 Quem
921 1024 1001 1083 Dion
1025 1022 1102 1082 adeo
1130 1022 1296 1081 admiretus

286 1143 331 1190 est
351 1143 440 1208 atque
461 1131 618 1204 adamavit,
640 1142 673 1189 ut
693 1136 726 1189 se
747 1137 775 1188 ei
796 1135 891 1188 totum
912 1129 1049 1188 traderet.
1093 1129 1201 1203 Neque
1222 1133 1296 1186 vero

286 1240 381 1297 minus
410 1239 473 1314 ipse
502 1238 585 1296 Plato
612 1236 776 1298 delectetus
805 1248 849 1295 est
879 1236 987 1294 Dione.
1042 1237 1147 1309 Itaque
1175 1253 1248 1291 cum
1278 1240 1295 1292 5

285 1350 409 1420 tyranno
442 1344 601 1403 crudeliter
630 1344 755 1402 violatus
790 1353 877 1415 esset,
905 1343 1017 1417 quippe
1055 1347 1105 1416 qui
1141 1359 1211 1398 eum
1244 1345 1293 1399 ve-

237 1481 263 1512 10
286 1450 420 1508 numdari
453 1451 591 1522 iussisset,
621 1460 723 1508 tamen
756 1449 865 1508 eodem
897 1447 984 1506 rediit
1017 1447 1151 1505 Eiusdem
1184 1447 1295 1504 Dionis
1386 1444 1387 1447 ’

286 1556 422 1631 precibus
444 1555 598 1614 adductus.
642 1556 764 1613 Interim
785 1556 815 1613 iu
838 1555 975 1613 morbum
995 1552 1100 1610 incidit
1121 1553 1294 1626 Dionysius

286 1663 354 1737 Quo
376 1680 444 1719 cum
465 1662 580 1736 gravius
602 1661 827 1732 conflictaretur,
851 1660 992 1736 quaesivit
1014 1665 1030 1717 a
1052 1659 1175 1717 medicis
1201 1659 1294 1730 Dion,

285 1786 375 1844 quem
403 1769 440 1827 ad
470 1767 593 1826 niodum
622 1773 654 1826 se
682 1768 815 1838 haberet,
845 1767 990 1841 simulque
1020 1766 1119 1825 abeis
1147 1766 1244 1841 petiit,
1271 1773 1295 1823 si

285 1875 365 1933 sorte
393 1875 423 1931 in
451 1874 561 1932 maiore
590 1884 667 1932 esset
696 1873 836 1948 periculo,
865 1881 897 1930 ut
925 1872 979 1931 sibi
1008 1872 1186 1943 sarmentum
1222 1890 1294 1928 nam

236 2008 260 2055 ις
285 1981 359 2038 velle
376 1984 408 2039 se
431 1998 499 2037 cum
524 1985 560 2037 eo
582 1980 723 2054 conloqui
745 1978 785 2037 de
808 1977 965 2053 partiendo
988 1983 1088 2053 regno,
1103 1977 1185 2051 quod
1209 1983 1292 2036 sord-

285 2085 322 2144 ris
345 2104 413 2144 suae
439 2085 520 2143 filios
544 2103 581 2143 ex
603 2084 652 2143 illo
675 2090 761 2154 natos
786 2094 900 2159 partem
927 2089 1008 2159 regni
1032 2083 1155 2159 putabat
1179 2083 1294 2143 debEre

285 2192 403 2251 habere.
447 2192 483 2249 Id
504 2191 615 2250 medici
635 2197 697 2249 non
718 2196 872 2249 tacuerunt
890 2200 919 2248 et
937 2190 975 2249 ad
997 2190 1170 2265 Dionysium
1191 2190 1293 2247 filium

284 2303 453 2356 sermonem
489 2297 669 2356 rettulemnt.
728 2298 796 2370 Quo
832 2297 880 2355 ille
910 2302 1088 2368 commotus,
1116 2301 1155 2354 ne
1183 2296 1294 2371 agendi

284 2415 363 2463 esset
388 2405 479 2462 Dioni
503 2410 643 2479 potestas
665 2410 741 2479 patri
766 2409 905 2478 soporem
930 2403 1065 2461 medicos
1086 2402 1157 2460 dare
1182 2403 1292 2478 coegit.

233 2542 262 2575 20
285 2512 355 2568 Hoc
377 2528 466 2586 aeger
486 2515 606 2585 sumpto
629 2516 741 2585 sopitus
762 2509 843 2567 diem
864 2510 939 2567 obiit
960 2513 1138 2584 suprEmum.

326 2619 384 2675 ΙΙΙ.
412 2616 485 2674 Tale
518 2616 633 2674 initium
665 2616 718 2674 fuit
754 2616 858 2673 Dionis
894 2625 924 2673 et
958 2615 1094 2689 Dionysii
1127 2614 1292 2686 simultatis,

284 2741 378 2798 eaque
399 2724 496 2781 multis
517 2723 605 2782 rEbus
626 2732 713 2780 aucta
733 2732 787 2779 est.
829 2720 887 2781 Sed
906 2731 1010 2779 tamen
1028 2728 1129 2796 primis
1148 2722 1291 2796 tempori-

285 2829 338 2888 bus
363 2828 543 2902 aliquamdiu
568 2828 704 2886 simulata
729 2828 879 2886 intereos
901 2828 1029 2885 amicitia
1050 2826 1177 2898 mansit3
1207 2833 1292 2898 sicut,

284 2953 353 2991 cum
375 2934 455 2992 Dion
476 2939 537 2993 non
558 2933 715 2992 desisteret
739 2934 896 2992 obsecrare
922 2933 1109 3008 Dionysium,
1132 2943 1164 2990 ut
1194 2933 1292 2991 Plato-

233 3073 260 3121 25
284 3059 354 3099 nem
379 3022 501 3099 Athenis
526 3050 688 3098 arcesseret
715 3050 744 3098 et
766 3040 828 3098 eius
849 3040 978 3097 consiliis
998 3044 1139 3110 uteretur,
1160 3038 1220 3110 ille,
1241 3046 1294 3113 qui

283 3146 314 3203 in
339 3146 436 3221 aliqua
460 3151 492 3205 re
516 3146 605 3205 vellet
625 3156 740 3221 patrem
766 3146 881 3215 imitari,
905 3150 1018 3203 morem
1040 3151 1069 3201 ei
1088 3144 1188 3219 gessit.
1232 3146 1292 3202 Εὸ-

284 3252 413 3327 demque
438 3261 573 3327 tempore
599 3251 753 3310 Philistum
781 3251 953 3309 historicum
981 3250 1136 3325 Syracusas
1164 3247 1292 3321 reduxit,

284 3358 435 3416 hominem
467 3364 595 3415 amicum
627 3363 690 3416 non
722 3358 814 3433 magis
848 3361 973 3432 tyranno
1008 3374 1097 3431 quam
1134 3354 1292 3430 tyrannidi.

284 3463 342 3523 Sed
368 3464 406 3523 de
432 3465 489 3522 hoc
514 3465 545 3523 in
570 3470 607 3523 ed
632 3464 707 3523 libro
733 3464 816 3539 plura
840 3472 908 3521 sunt
932 3463 1072 3537 exposita,
1096 3467 1147 3536 qui
1172 3461 1210 3520 de
1233 3460 1290 3518 his-

234 3609 262 3654 30
284 3571 383 3629 toricis
405 3572 526 3629 Graecis
548 3576 733 3645 conscriptus
755 3580 808 3627 est.
851 3568 935 3626 Plato
955 3578 1055 3626 autem
1074 3577 1188 3625 tantum
1209 3566 1291 3641 apud

285 3676 461 3750 Dionysium
489 3676 663 3734 auctoritate
691 3676 788 3750 potuit
814 3674 962 3750 valuitque
993 3674 1170 3747 eloquentia,
1201 3683 1233 3730 ut
1264 3679 1291 3730 ei
1386 3667 1387 3678 ¹

284 3783 460 3858 persuaserit
484 3782 644 3858 tyrannidis
670 3781 767 3841 facere
792 3781 887 3841 mem
911 3781 1135 3856 libertatemque
1160 3778 1290 3839 reddere
1386 3781 1387 3854 ι
