2817 4250
228 331 289 379 100
517 330 687 380 CORNELII
711 330 859 381 NEPOTIS
884 331 992 380 VITAE
1176 331 1228 395 [11.,
1241 343 1287 381 111.

274 506 382 574 matus,
403 511 435 560 ut
456 506 681 579 nannumquam
702 509 778 563 vitae
800 504 896 562 smem
918 504 1016 562 facere
1041 505 1166 563 voluerit
1190 515 1285 580 atque

274 626 312 667 ex
331 609 513 684 ingratamm
535 609 689 668 hominum
711 613 874 685 canspectri
896 620 991 669 morte
1013 609 1171 669 dacadere.

296 699 357 773 '11.
386 715 509 774 Interim
531 715 630 774 Diane
651 715 799 790 Syracusis
819 715 977 773 interfecta
1000 716 1160 790 Dionysius
1182 721 1283 775 rursus

273 823 478 898 Syracasamm
506 826 617 897 potitus
645 832 699 880 est.
751 821 844 880 Cirius
872 821 1029 881 adversarii
1055 839 1147 897 opem
1175 828 1193 880 a
1221 823 1283 882 Co·

237 929 386 1000 5rinthiis
427 929 575 1005 petierunt
617 928 795 1002 ducemque,
830 932 890 1002 qua
931 927 963 985 in
999 927 1078 986 belli>
1119 933 1282 1001 aterentur,

273 1034 465 1109 postularunt.
515 1036 585 1092 Hire
616 1035 773 1092 Timolean
802 1038 906 1092 missus
937 1033 1103 1092 ineradibili
1134 1033 1283 1093 salicitate

193 1117 200 1153 ³
274 1140 449 1215 Dionysium
475 1146 537 1199 tata
560 1141 659 1200 Sicilia
687 1140 810 1216 dapulit.
866 1141 945 1199 Cum
971 1140 1139 1198 interficere
1168 1150 1283 1216 posset,

274 1247 368 1305 naluit
402 1252 525 1322 tritaque
558 1257 590 1305 ut
629 1247 806 1306 Corinthum
844 1252 1009 1322 perveniret
1047 1245 1158 1318 effacit,
1197 1246 1283 1321 quod

273 1356 464 1427 utrarumque
499 1353 709 1428 Dionysiamm
744 1353 849 1428 opibus
886 1352 1032 1411 Corinthii
1065 1369 1155 1426 saepe
1186 1351 1284 1409 adiriti

224 1487 251 1519 10
273 1457 397 1528 fuerant,
436 1459 519 1516 cirins
558 1459 746 1534 benignitatis
784 1457 960 1516 memoriam
996 1457 1116 1516 volebat
1154 1463 1282 1530 exstare,

273 1581 399 1637 eamque
426 1564 607 1638 praeclaram
634 1565 787 1623 victariam
813 1563 942 1624 dircabat
966 1563 997 1620 in
1021 1568 1080 1637 qua
1107 1563 1173 1638 pias
1202 1573 1283 1621 esset

272 1775 389 1833 auribus
424 1777 616 1850 acciperetur,
645 1776 698 1835 sed
730 1776 820 1834 etiam
847 1776 948 1857 ⁴oculis
983 1780 1154 1858 cemeratur
1188 1794 1281 1850 quem

272 1899 310 1938 ex
343 1886 455 1955 quanta
488 1886 580 1956 ragna
610 1882 649 1940 ad
679 1900 770 1956 quam
803 1881 955 1940 fartimam
988 1881 1150 1941 datulisset.
1208 1884 1280 1940 Post

223 2013 247 2058 ¹5
272 1987 408 2059 Dionysii
440 1986 596 2045 decessum
627 2006 695 2044 cum
729 1987 841 2045 Hiceta
871 1987 996 2059 bellavit,
1025 1993 1076 2062 qui
1107 1988 1280 2046 adversatus

272 2103 334 2150 erat
367 2093 511 2169 Dionysia
522 2115 531 2167 3
570 2111 660 2168 quem
695 2098 755 2153 nan
790 2092 861 2153 odia
897 2093 1059 2169 tyrannidis
1094 2093 1279 2167 dissensisse,

271 2199 325 2257 sed
359 2200 522 2273 cupiditate
550 2199 660 2259 indicia
687 2200 751 2272 suit,
779 2200 861 2275 quod
888 2200 952 2275 ipse
980 2201 1102 2276 expulsa
1131 2202 1279 2276 Dionysia

270 2305 427 2380 imperium
456 2306 603 2364 dimittere
628 2306 729 2364 naluit.
774 2307 843 2364 Hac
872 2312 1010 2381 superata
1033 2307 1192 2365 'iimolean
1216 2312 1278 2365 ma-

270 2411 363 2469 ximas
400 2412 501 2485 eripias
543 2389 827 2488 Camhaginiansium
869 2411 949 2487 apud
983 2412 1130 2471 Crinisum
1166 2412 1279 2471 flamen

219 2544 248 2576 ιο
270 2516 379 2591 fugavit
400 2535 436 2574 ac
457 2518 527 2576 satis
548 2518 658 2577 habare
679 2518 787 2593 coegit,
808 2525 831 2576 si
852 2518 954 2577 licaret
975 2505 1104 2576 risricam
1130 2519 1277 2591 obtinare,

269 2630 321 2697 qui
344 2624 404 2680 iam
429 2623 596 2697 comphires
621 2628 714 2681 annas
739 2625 957 2698 possessianem
982 2624 1097 2683 Siciliae
1122 2626 1275 2683 tenebant.

270 2730 359 2804 Capit
381 2728 471 2787 etiam
496 2729 690 2801 Mamercum,
713 2715 849 2787 italicum
875 2730 993 2802 ducem,
1015 2730 1169 2788 hominem
1193 2731 1277 2790 belli-

270 2840 384 2893 casum·
407 2844 438 2892 et
472 2844 635 2909 potentem,
664 2841 715 2909 qui
746 2841 885 2910 tyrannas
917 2836 1050 2894 adiutum
1082 2836 1113 2893 in
1146 2836 1277 2895 Siciliam

269 2946 399 2999 viruerat.

219 3074 245 3120 ²5
310 3047 368 3105 III.
399 3047 514 3121 Quibus
537 3046 625 3105 rebus
650 3046 794 3105 cansectis
816 3066 886 3104 cum
905 3058 1029 3123 propter
1050 3047 1276 3106 diuturnitatem

269 3154 339 3213 belli
362 3158 422 3211 nan
447 3153 541 3210 salum
565 3153 709 3228 regianas
732 3152 786 3210 sed
811 3153 900 3211 etiam
924 3154 1012 3212 urbas
1037 3152 1169 3212 dasertas
1192 3154 1277 3212 vide-

268 3269 323 3331 ret,
338 3259 513 3333 conquisivit
534 3264 608 3333 quas
629 3258 735 3334 potuit,
750 3265 878 3334 primurn
899 3259 1021 3330 Siculas,
1036 3259 1106 3317 dein
1129 3260 1277 3319 Corinthi>

268 3365 419 3424 arcessivit
453 3365 585 3435 colanas,
618 3362 700 3438 quod
735 3364 774 3423 ab
800 3371 841 3423 eis
875 3364 959 3424 initia
994 3365 1154 3440 Syracusae
1178 3375 1276 3451 nerant

268 3472 417 3531 conditae.
485 3471 605 3529 Civibus
638 3470 786 3529 veteribus
821 3489 873 3528 sua
908 3472 1041 3543 restituit,
1076 3477 1160 3529 novis
1195 3470 1276 3531 bella

218 3605 247 3650 30
267 3576 453 3635 vacuefactas
481 3576 684 3651 possessianas
712 3576 818 3647 divisit,
847 3576 964 3635 urbium
995 3577 1115 3634 moenia
1149 3576 1277 3636 disiecta

268 3683 399 3758 fanaque
431 3681 551 3739 datecta
585 3681 702 3751 refacit,
731 3681 897 3739 civitatibus
931 3682 1011 3758 lagas
1045 3682 1276 3757 libartatemque

268 3788 399 3847 reddidit
410 3808 418 3859 ;
454 3804 491 3844 ex
521 3786 649 3886 maxima
680 3787 758 3846 bella
789 3797 902 3845 tantum
931 3789 1024 3846 atium
1052 3793 1134 3847 tatae
1162 3790 1275 3848 insulae
