2817 4250
234 327 279 390 90
526 320 696 369 CORNELII
720 321 868 371 NEPOTIS
890 322 997 371 VITAE
1170 319 1292 383 [vi.,vn.

285 493 411 553 disiecit.
452 493 562 551 Tenuit
586 504 685 551 autem
710 498 742 551 se
767 499 826 554 tine
843 494 910 552 loce
932 511 1020 568 quam
1038 493 1089 550 diii
1108 491 1203 548 hiems
1225 491 1288 562 fuit,

285 599 367 676 quod
394 608 490 658 castra
517 599 572 658 sub
599 598 669 658 divo
698 599 807 658 habere
835 604 896 658 nen
923 607 1049 675 poterat.
1093 599 1154 656 Ver
1181 614 1290 673 appro

285 705 465 781 pinquebat3
493 704 628 762 simulata
668 704 831 777 deditione,
868 703 940 763 dum
982 702 1021 762 de
1063 702 1292 762 condicienibus

285 821 400 883 tractat,
422 810 578 886 praefectis
600 811 741 887 Antigoni
762 811 903 887 imposuit
925 815 1016 886 seque
1039 830 1075 869 ac
1096 817 1164 870 sues
1185 815 1292 870 omnes

249 941 260 987 5
285 917 410 976 extrexit
431 916 603 974 incolumes.

325 1024 378 1081 VI.
407 1021 454 1080 Ad
482 1022 561 1079 hunc
589 1021 752 1098 Olympiis,
777 1029 872 1081 meter
895 1041 971 1098 quae
1000 1023 1094 1081 fiierat
1121 1023 1291 1092 Alexandri,

284 1146 355 1186 cum
389 1129 500 1186 litteres
537 1138 567 1186 et
602 1128 721 1186 nenties
755 1129 879 1188 misisset
914 1129 944 1187 in
978 1129 1078 1186 Asiam
1113 1128 1292 1199 censultum,

285 1244 383 1293 utrum
411 1207 568 1308 repetitum
595 1240 652 1292 iret
679 1233 1021 1292 Macedoniam—nam
1050 1244 1112 1292 turn
1141 1235 1172 1291 in
1200 1219 1292 1309 Epire

286 1339 525 1398 habitebat-et
546 1345 612 1397 sues
633 1343 679 1397 res
701 1345 871 1415 occuperet,
892 1339 960 1397 huic
982 1340 1029 1398 ille
1051 1346 1181 1415 primurn
1201 1341 1291 1397 suesit

238 1467 264 1497 10
286 1451 324 1504 ne
360 1450 392 1504 se
428 1450 560 1504 moveret
596 1455 625 1503 et
658 1452 852 1521 exspectaret,
880 1446 979 1520 quoad
1014 1444 1175 1503 Alexandri
1209 1445 1292 1502 filius

287 1556 409 1627 regnum
434 1550 666 1626 adipisceretur,
695 1557 738 1609 sin
766 1552 865 1627 alique
893 1551 1055 1626 cupiditate
1083 1556 1235 1626 raperetur
1258 1552 1290 1607 in

288 1656 508 1727 Macedoniam,
534 1657 753 1716 oblivisceretur
776 1657 909 1716 omnium
934 1657 1103 1715 iniuriarum
1131 1667 1160 1716 et
1185 1658 1215 1715 in
1239 1661 1292 1714 ne-

287 1764 398 1821 minem
435 1763 585 1823 acerbiere
620 1767 750 1820 uteretur
786 1763 922 1838 imperie.
980 1764 1099 1821 Herum
1135 1763 1184 1820 illa
1219 1762 1292 1820 nihil

287 1870 381 1927 fecit:
410 1878 531 1926 namet
555 1869 585 1926 in
610 1868 821 1927 Macedoniam
846 1867 979 1943 profecta
1004 1879 1049 1926 est
1069 1879 1099 1926 et
1121 1869 1163 1928 ibi
1186 1867 1291 1927 criide·

239 1998 263 2045 ¹5
287 1975 396 2032 lissime
424 1978 456 2032 se
483 1974 581 2049 gessit.
628 1974 716 2032 Petiit
743 1985 843 2033 autem
871 1976 909 2032 ab
937 1974 1073 2032 Eumene
1101 1975 1225 2032 absente
1251 1978 1292 2031 ne

287 2085 437 2157 pateretur
467 2079 594 2156 Philippi
624 2078 730 2139 domes
759 2099 794 2138 ac
826 2080 953 2139 familiae
981 2080 1198 2139 inimicissimes
1227 2081 1291 2139 stir-

287 2205 357 2263 pem
382 2204 501 2262 quoque
526 2186 703 2257 interimere,
719 2186 865 2261 ferretque
886 2204 977 2261 opem
1001 2187 1099 2245 liberis
1121 2186 1291 2245 Alexandri.

289 2294 384 2367 Quam
413 2292 531 2351 veniam
559 2297 583 2350 si
607 2291 699 2362 daret,
725 2310 813 2366 quam
838 2298 965 2367 primum
993 2292 1138 2350 exercitiis
1167 2298 1292 2367 pareret,

287 2404 362 2473 ques
386 2398 441 2457 sibi
465 2396 597 2455 subsidie
621 2396 791 2455 addeceret.
835 2397 871 2456 ld
896 2402 956 2474 que
981 2398 1093 2455 facilius
1118 2399 1237 2468 laceret,
1259 2402 1293 2455 se

236 2530 265 2561 ιο
287 2504 424 2563 omnibus
448 2504 614 2579 praefectis
636 2509 687 2577 qui
710 2504 741 2560 in
765 2503 865 2562 officie
888 2505 1056 2576 manebant,
1080 2504 1192 2561 misisse
1215 2504 1292 2561 litte-

287 2617 343 2681 res,
364 2620 397 2667 ut
417 2615 446 2667 ei
467 2613 605 2684 peterent
628 2609 749 2683 eiusque
775 2610 902 2668 consiliis
923 2616 1081 2669 faterentur.
1126 2611 1183 2668 His
1206 2610 1293 2668 rebus

289 2718 438 2774 Eumenes
465 2719 617 2789 permetus
649 2715 739 2773 satius
769 2714 861 2789 duxit,
889 2722 913 2773 si
943 2717 984 2775 ita
1015 2716 1127 2774 tulisset
1159 2717 1293 2787 sertima,

287 2828 383 2897 perire
412 2822 488 2879 bene
521 2821 631 2879 meritis
662 2820 838 2879 referentem
870 2822 993 2897 gretiam
1023 2840 1113 2897 quam
1145 2821 1291 2897 ingretum

287 2934 394 2986 vivere.

237 3061 263 3108 ²5
326 3035 395 3091 VII.
426 3035 531 3107 Itaque
556 3032 656 3108 cepia‘s
684 3032 839 3105 contrexit,
864 3033 974 3091 bellum
1000 3033 1138 3091 adversus
1168 3034 1290 3109 Antigo-

287 3158 357 3197 num
381 3138 571 3214 comparevit.
613 3137 703 3212 Quod
729 3143 787 3197 une
809 3149 891 3196 erant
917 3137 1101 3196 Macedones
1122 3138 1292 3214 compleres

287 3245 412 3316 nebiles,
437 3245 468 3302 in
492 3250 534 3302 eis
559 3246 726 3316 Peucestes,
751 3250 802 3318 qui
825 3244 957 3319 corporis
981 3248 1080 3302 costes
1105 3244 1200 3302 fuerat
1224 3245 1291 3302 Ale-

287 3352 401 3424 xandri,
432 3361 494 3409 turn
530 3360 630 3408 autem
665 3349 819 3408 obtinebat
856 3349 1016 3421 Persidem,
1054 3359 1084 3407 et
1119 3351 1292 3425 Antigenes,

287 3459 371 3517 cuius
406 3458 461 3516 sub
497 3438 622 3531 imperiti
657 3456 785 3530 phalanx
818 3466 880 3513 erat
911 3455 1124 3528 Macedonum,
1150 3456 1290 3515 invidiam

237 3592 265 3637 30
287 3570 536 3637 verens-quam
558 3572 658 3620 tamen
678 3562 804 3637 effugere
826 3567 887 3620 nim
909 3562 1086 3637 potuit—si
1106 3563 1207 3638 potius
1228 3562 1291 3637 ipse

288 3670 453 3746 alienigena
479 3674 585 3727 summi
612 3668 728 3742 imperii
757 3672 900 3743 potiretur
933 3687 1023 3742 quam
1052 3669 1157 3743 aliquis
1190 3669 1291 3726 Mace-

288 3776 410 3848 donum,
432 3780 556 3851 querum
579 3776 618 3832 ibi
641 3784 702 3832 erat
724 3774 890 3846 multitiide,
909 3775 939 3832 in
960 3775 1110 3851 principiis
1131 3772 1292 3833 Alexandri
