2817 4250
228 302 288 365 130
516 297 686 346 CORNELII
710 297 859 347 NEPOTIS
884 299 991 347 VITAE
1146 299 1211 362 [xv.,
1223 311 1276 348 xvl.

273 475 409 528 cenatum
436 480 489 541 est,
513 479 545 527 ut
570 475 630 527 non
653 470 750 528 minus
774 471 874 527 animo
898 488 988 544 quam
1012 481 1115 530 ventre
1136 479 1276 531 convivae

273 576 499 635 delectarentur.
555 577 694 650 Namque
726 581 778 634 eds
809 577 945 648 vocabat,
974 581 1100 651 quarum
1132 583 1229 636 mores
1259 585 1277 636 a

273 688 331 739 suis
359 686 420 740 nan
447 681 648 740 abhorrerent.
703 681 780 740 Cum
810 690 892 740 tanta
918 683 1065 757 pecaniae
1094 683 1172 742 iacta
1199 695 1276 743 esset

272 786 414 858 accessio,
434 786 507 844 nihil
528 787 566 845 da
588 787 752 846 cottidiana
777 788 857 845 cultu
884 789 1016 860 matavit,
1038 787 1112 846 nihil
1136 788 1176 847 de
1198 796 1275 848 vitae

236 919 248 968 5
272 892 497 964 cansuatiidine,
527 898 667 967 tantaque
695 897 764 950 fisus
792 903 838 950 est
871 892 1086 966 moderatic'me,
1115 904 1147 952 ut
1179 913 1275 970 neque

271 1000 302 1058 in
329 998 465 1056 sastertio
492 998 611 1069 vicians,
639 997 722 1073 quod
750 1003 768 1056 a
797 1007 881 1072 patre
910 987 1078 1074 acceperat,
1108 1017 1210 1074 parum
1244 1006 1276 1059 se

272 1103 428 1180 splendide
452 1104 575 1178 gesserit
600 1121 697 1178 neque
726 1103 758 1161 in
782 1104 916 1162 sestertio
941 1105 1076 1163 centians
1099 1105 1275 1164 adfluentius

271 1210 384 1280 vixerit,
406 1227 495 1284 quam
519 1209 693 1281 instituerat,
715 1215 837 1285 parique
863 1209 977 1286 fastigia
1002 1211 1116 1269 steterit
1140 1213 1171 1268 in
1197 1217 1274 1269 utra-

271 1334 330 1391 que
357 1316 485 1373 sdrtfina.
542 1315 647 1373 Nullos
674 1315 777 1373 habuit
805 1315 914 1387 hortas,
943 1315 1051 1374 nullam
1080 1315 1275 1376 suburbanam

223 1453 250 1486 ιο
271 1432 321 1480 aut
337 1421 514 1480 maritimam
532 1426 735 1495 samptuosam
756 1421 863 1493 villam,
878 1438 975 1496 neque
997 1422 1027 1479 in
1049 1409 1145 1494 italia,
1159 1433 1276 1498 praeter

271 1531 439 1587 Arretinum
464 1536 494 1584 et
516 1527 748 1598 Namentanum,
770 1527 910 1585 misticum
931 1527 1096 1602 praedium,
1119 1529 1274 1603 omnisque

269 1639 331 1693 eius
352 1635 494 1709 pecaniae
517 1631 627 1690 reditus
655 1633 811 1691 constabat
841 1633 871 1690 in
904 1619 1062 1708 Epiroticis
1098 1643 1128 1692 et
1157 1635 1274 1693 urbanis

271 1738 514 1815 possessionibus.
558 1740 603 1795 Ex
623 1743 684 1812 quo
706 1742 848 1813 cagndsci
868 1748 968 1813 potest
988 1744 1073 1797 risum
1095 1757 1164 1797 eum
1185 1745 1273 1815 pecii·

271 1847 337 1904 niae
358 1850 419 1903 non
440 1843 650 1919 magnitudine,
672 1844 726 1902 sed
747 1844 860 1901 tatiane
884 1850 978 1902 metiri
999 1845 1127 1902 solitum.

223 1979 247 2026 ¹5
311 1953 375 2009 XV.
407 1948 600 2008 Mendacium
634 1967 732 2023 neque
766 1948 887 2008 dicebat
920 1967 1018 2024 neque
1053 1957 1115 2025 pati
1149 1960 1273 2026 poterat.

272 2058 376 2134 Itaque
405 2057 467 2114 aius
495 2055 620 2113 comitas
647 2060 709 2112 non
734 2054 796 2113 sine
821 2055 977 2114 severitate
1002 2065 1064 2114 erat
1088 2074 1186 2133 neque
1210 2075 1273 2134 gra-

271 2164 344 2222 vitas
368 2163 431 2221 sine
452 2161 601 2233 facilitate,
621 2171 654 2219 ut
675 2160 794 2218 difficile
816 2171 894 2219 esset
915 2161 1066 2221 intellectu
1088 2174 1184 2221 utrum
1206 2143 1274 2221 eum

270 2275 359 2328 amici
379 2268 472 2343 magis
494 2272 663 2325 vererentur
683 2284 722 2323 an
745 2273 888 2325 amarent.
930 2267 1086 2342 Quidquid
1110 2269 1273 2344 rogabatur,

270 2375 406 2449 religidse
430 2373 632 2448 promittebat,
657 2371 739 2447 quod
764 2378 825 2429 non
849 2372 991 2445 liberalas,
1017 2373 1082 2435 sed,
1095 2373 1175 2432 leves
1199 2375 1273 2433 arbi·

220 2509 249 2542 ιο
271 2481 401 2539 trabatur
424 2478 557 2553 polliceri
580 2478 662 2552 quod
691 2484 841 2552 praestare
868 2484 930 2536 non
956 2489 1087 2553 possent.
1130 2467 1217 2539 Idem
1244 2480 1274 2537 in

270 2586 402 2645 tenendo
430 2585 513 2659 quod
541 2583 633 2642 semel
660 2582 811 2642 adnuisset
840 2590 921 2642 tanta
951 2595 1016 2643 erat
1046 2590 1124 2657 ciira,
1152 2595 1185 2644 ut
1215 2591 1275 2644 non

270 2691 451 2763 mandatam,
480 2690 533 2749 sed
563 2708 646 2748 suam
681 2708 744 2748 rem
773 2689 922 2749 videtetur
950 2709 1047 2767 agere.
1104 2693 1273 2767 Numquam

270 2805 400 2874 suscepti
420 2797 530 2873 negatii
551 2814 619 2853 eum
640 2806 807 2870 pertaesum
831 2806 875 2853 est
885 2816 894 2868 ;
923 2814 1006 2854 suam
1027 2797 1106 2855 enim
1128 2798 1273 2855 existima-

270 2906 383 2964 tianem
412 2904 443 2961 in
470 2908 505 2960 ea
532 2906 563 2960 ra
591 2908 639 2976 agi
666 2900 798 2975 putabat,
826 2907 886 2975 qua
913 2902 984 2960 nihil
1012 2902 1142 2961 habebat
1172 2902 1274 2961 carius.

221 3038 247 3085 ²5
271 3011 340 3084 Qua
368 3009 465 3067 fiebat
491 3017 524 3065 ut
552 3007 652 3064 omnia
679 3007 868 3079 Cicerdnum,
898 3009 941 3064 M.
970 3007 1103 3079 Catianis,
1130 3009 1168 3082 Q.
1194 3009 1273 3067 Hor-

271 3116 365 3188 tansii,
393 3117 428 3173 A.
456 3115 609 3188 Torquati,
635 3113 794 3171 multarum
823 3119 976 3187 praeterea
1003 3115 1134 3188 equitum
1164 3115 1274 3172 Roma-

270 3227 376 3281 narum
404 3219 525 3295 negotia
552 3222 733 3292 prdciiraret.
776 3218 822 3275 Ex
849 3223 910 3292 quo
937 3217 1060 3276 iiidicari
1088 3228 1188 3294 potest
1214 3224 1276 3277 ndn

270 3328 383 3399 inertia,
405 3326 459 3384 sed
480 3323 592 3383 iadicia
613 3323 725 3398 fugisse
747 3330 789 3381 rei
810 3323 946 3398 piiblicae
968 3326 1218 3399 procurationem.

310 3434 392 3492 XVI.
421 3430 622 3490 Hamanitatis
646 3434 716 3487 vero
741 3429 852 3487 millum
877 3429 993 3487 adferre
1022 3432 1114 3489 maius
1143 3431 1274 3489 testimd·

220 3570 249 3615 30
270 3541 352 3599 nium
369 3555 500 3615 possum,
514 3554 603 3612 quam
621 3534 703 3609 quod
724 3535 898 3594 adulascans
919 3535 999 3594 idem
1023 3542 1085 3594 seni
1106 3537 1201 3596 Sullae
1223 3537 1275 3593 fuit

271 3644 507 3714 iracundissimus,
522 3659 612 3700 senex
632 3639 815 3699 adulescenti
838 3642 880 3697 M.
896 3642 996 3713 Bruto,
1014 3660 1084 3705 cum
1105 3643 1274 3717 aequalibus

271 3762 370 3812 autem
399 3756 458 3809 suis
486 3748 523 3823 Q.
554 3746 718 3805 Hortensio
750 3756 780 3804 et
812 3748 855 3806 M.
884 3746 1032 3807 Cicerone
1051 3754 1105 3811 sic
1136 3750 1216 3821 vixit,
1244 3759 1275 3806 ut
