2817 4250
229 326 272 406 84
521 335 692 388 coruum
714 335 861 388 urruns
883 339 990 389 mma
1224 342 1289 407 [vn.

280 512 449 571 exeundum
474 513 684 589 impelleretur,
704 522 738 571 ut
761 518 785 570 si
809 511 848 571 de
863 513 942 572 exitii
963 513 1114 588 diviniret,
1137 518 1288 576 excisivit

280 620 474 678 senectutem.
515 605 613 692 idem,
635 637 703 677 cum
726 618 948 696 Epaminbndis
972 621 1108 696 Spartam
1132 627 1286 699 oppiguai-

279 736 324 785 ret
352 735 488 801 essetque
516 725 579 784 siue
607 730 697 784 miris
721 724 876 800 oppidum,
901 727 990 785 talem
1015 731 1046 786 εδ
1075 727 1285 804 ἱωρεῐᾶῑόιεῐῃ

279 833 423 908 praebuit,
458 841 491 890 ut
525 837 563 890 eb
597 841 732 907 tempore
768 832 903 890 omnibus
938 834 1115 908 apparuerit,
1145 835 1201 893 uisi
1235 836 1286 894 ille

243 960 254 1008 5
279 939 389 1011 fuisset,
411 939 545 1013 Spartam
570 939 696 996 sutriram
718 942 780 996 nun
800 938 897 996 fuisse.
940 939 978 996 In
998 944 1059 1013 qud
1079 939 1201 1014 quidem
1225 941 1286 1000 dis-

279 1045 402 1103 crimine
429 1045 564 1102 celen'tis
592 1045 654 1102 eius
678 1044 794 1102 crinsilii
821 1045 905 1102 saliti
933 1044 986 1102 fuit
1013 1046 1161 1105 universis.
1204 1048 1286 1105 Nam

279 1170 348 1209 cum
376 1151 497 1226 qnidam
525 1150 738 1208 adulescentuli
765 1149 895 1207 hostiurn
922 1149 1051 1208 adventii
1075 1152 1221 1226 perterriti
1243 1153 1286 1211 ad

278 1257 438 1316 Thebintis
457 1256 638 1331 transfugere
654 1255 764 1313 vellent
780 1264 811 1313 et
827 1255 926 1314 locum
946 1262 1029 1314 extra
1046 1258 1150 1318 urbem
1169 1257 1285 1316 editum

278 1363 436 1438 cepissent,
458 1362 617 1438 Agesilaus,
639 1367 690 1437 qui
717 1361 997 1436 permcibsissimum
1025 1363 1087 1421 fore
1111 1362 1234 1436 vidiret,
1260 1371 1286 1422 si

230 1498 257 1529 ιο
277 1468 515 1527 animadversum
554 1479 633 1526 esset
670 1485 852 1542 quemquam
889 1467 928 1526 ad
966 1468 1066 1527 hostes
1103 1469 1284 1545 transfugere

278 1580 388 1647 criniri,
409 1593 477 1632 cum
502 1580 561 1633 suis
584 1579 622 1632 eb
646 1574 726 1632 veuit
750 1584 849 1649 atque,
870 1584 903 1631 ut
923 1579 947 1632 si
968 1573 1048 1633 boni)
1069 1575 1169 1633 animi)
1191 1576 1283 1635 recis-

277 1691 353 1753 sent,
377 1679 506 1739 laudavit
533 1679 689 1738 crinsilium
718 1683 830 1751 ebrum,
858 1678 940 1755 quod
969 1697 1038 1738 eum
1065 1680 1164 1738 locum
1192 1700 1283 1740 oecu-

277 1793 416 1862 paissent3
444 1785 476 1844 id
503 1790 536 1844 sei
563 1803 683 1861 quoque
712 1785 775 1843 fieri
801 1785 913 1844 dEbEre
944 1785 1194 1845 animadvertisse.
1235 1788 1285 1846 ἧς

276 1892 481 1952 adulescentes
506 1892 641 1950 simulata
668 1891 836 1950 laudatibne
865 1893 1049 1968 recuperavit
1078 1903 1108 1950 et
1135 1892 1284 1952 adiunctis

229 2023 253 2071 ις
276 1998 316 2057 de
349 2004 408 2057 suis
442 1998 600 2057 comitibus
631 1997 730 2054 locum
762 2002 857 2055 tritum
888 1997 1013 2072 reliquit.
1071 1998 1209 2073 Namque
1241 1999 1284 2057 illi

276 2103 395 2163 adiecti>
423 2109 547 2163 numeri>
575 2108 688 2175 ebrum,
710 2108 761 2178 qui
788 2108 924 2180 expertes
952 2113 1035 2162 erant
1060 2104 1175 2162 cbnsilii
1198 2123 1283 2163 com-

276 2215 395 2269 movere
427 2216 459 2269 εδ
489 2216 550 2268 nbn
582 2220 650 2268 sunt
680 2216 743 2267 ausi
774 2215 871 2285 euque
902 2210 1049 2283 libentius,
1077 2210 1158 2285 quod
1190 2212 1284 2270 latere

275 2316 490 2376 arbitrabantur
510 2334 587 2392 quae
608 2316 818 2391 edgitaiverant.
1118 2302 1121 2308 ’

315 2424 386 2480 VII.
414 2423 483 2481 Sine
515 2422 607 2481 dubii)
638 2432 707 2496 post
742 2422 927 2479 Leuctricam
963 2426 1093 2497 pignam
1129 2422 1282 2481 Lacedae-

224 2557 253 2587 20
276 2530 368 2587 monii
392 2533 423 2587 s'e'
445 2546 606 2603 numquam
630 2528 804 2585 refecerunt
828 2546 926 2602 neque
947 2529 1102 2603 pristinum
1123 2529 1284 2604 imperium

275 2641 493 2710 recuperarunt,
528 2653 597 2691 cum
632 2634 751 2691 interim
785 2651 948 2707 numquam
981 2634 1132 2709 Agesilaus
1167 2632 1285 2693 destitit

274 2742 509 2817 quibuscumque
539 2741 625 2798 ribus
654 2750 754 2814 posset
782 2740 907 2815 patriam
936 2740 1044 2798 iuvare.
1100 2740 1180 2797 Nam
1211 2760 1283 2799 cum

274 2848 434 2923 praecipue
463 2846 694 2905 Lacedaemonii
720 2846 887 2921 indigerent
911 2846 1046 2921 pecunia,
1068 2845 1117 2903 ille
1142 2848 1284 2905 omnibus

274 2960 325 3028 qui
351 2960 370 3011 a
396 2958 464 3028 rege
494 2952 671 3011 defecerant
699 2951 848 3026 praesidi&
880 2952 934 3010 suit
945 2973 954 3024 3
989 2957 1007 3009 a
1037 2952 1143 3027 quibus
1174 2958 1285 3027 magua

223 3087 249 3134 25
274 3058 400 3117 dunatus
424 3060 551 3133 pectiuiai
576 3058 700 3134 patriam
726 3058 896 3116 sublevavit:
937 3060 1035 3132 Atque
1063 3058 1094 3115 in
1122 3057 1180 3116 hbe
1207 3058 1284 3115 illud

273 3166 416 3239 imprimis
451 3164 505 3222 fuit
539 3163 720 3235 admirabile,
756 3182 824 3221 cum
859 3162 988 3221 maxima
1022 3167 1145 3222 munera
1180 3169 1209 3221 ei
1243 3164 1285 3223 ab

273 3270 391 3346 rEgibus
412 3288 447 3327 ac
469 3268 599 3345 dynastis
620 3270 844 3343 civitatibusque
866 3269 1077 3341 crimenentur,
1099 3269 1182 3343 quod
1207 3270 1284 3327 nibil

272 3395 414 3451 umquam
441 3375 565 3434 domum
593 3394 675 3433 suam
704 3375 838 3447 contulit,
864 3375 934 3432 nihil
960 3376 998 3433 d'e
1025 3380 1113 3448 victu,
1139 3375 1212 3432 nibil
1241 3374 1283 3433 de

272 3487 379 3541 vestitu
408 3484 559 3539 Lacbnurn
589 3482 718 3538 mutavit.
766 3482 866 3539 Domb
895 3481 1000 3539 eadem
1029 3482 1083 3539 fuit
1111 3492 1281 3552 contentus,

222 3620 250 3666 3⁰
272 3595 331 3663 quai
373 3588 581 3664 Eurysthenis,
620 3588 791 3662 prbgenitor
832 3588 975 3645 maibrum
1017 3592 1145 3660 subrum,
1185 3588 1282 3645 iuerat

271 3702 340 3754 risus
351 3716 360 3768 ;
389 3714 478 3770 quam
503 3700 554 3768 qui
578 3695 706 3766 intrarat,
728 3693 839 3752 millum
865 3700 979 3769 signum
1004 3694 1142 3766 libidinis,
1165 3694 1281 3752 nullum

272 3802 401 3860 luxuriae
423 3801 524 3858 videre
546 3809 660 3874 poterat
667 3804 789 3872 ,contri
809 3818 845 3856 ea
863 3800 989 3873 plurima
1008 3800 1167 3875 patientiae
1188 3810 1279 3874 atque
