<?xml version="1.0" encoding="UTF-8"?>
<!DOCTYPE html PUBLIC "-//W3C//DTD XHTML 1.0 Transitional//EN"
    "http://www.w3.org/TR/xhtml1/DTD/xhtml1-transitional.dtd">
<html xmlns="http://www.w3.org/1999/xhtml" xml:lang="en" lang="en">
 <head>
  <title>
</title>
<meta http-equiv="Content-Type" content="text/html;charset=utf-8" />
  <meta name='ocr-system' content='tesseract 3.04.00' />
  <meta name='ocr-capabilities' content='ocr_page ocr_carea ocr_par ocr_line ocrx_word'/>
</head>
<body>
  <div class='ocr_page' id='page_1' title='image "./corneliinepotis26nepogoog_0104.png"; bbox 0 0 2817 4250; ppageno 0'>
   <div class='ocr_carea' id='block_1_1' title="bbox 237 334 1292 402">
    <p class='ocr_par' dir='ltr' id='par_1_1' title="bbox 237 334 1292 402">
     <span class='ocr_line' id='line_1_1' title="bbox 237 334 1292 402; baseline 0.003 -19"><span class='ocrx_word' id='word_1_1' title='bbox 237 340 279 402; x_wconf 90' lang='lat'>74</span> <span class='ocrx_word' id='word_1_2' title='bbox 528 334 698 384; x_wconf 74' lang='lat' dir='ltr'>courtacu</span> <span class='ocrx_word' id='word_1_3' title='bbox 721 335 870 386; x_wconf 76' lang='lat' dir='ltr'>Naroma</span> <span class='ocrx_word' id='word_1_4' title='bbox 894 336 1001 385; x_wconf 76' lang='lat' dir='ltr'>vrrnn</span> <span class='ocrx_word' id='word_1_5' title='bbox 1195 336 1253 400; x_wconf 69' lang='lat' dir='ltr'>[m</span> <span class='ocrx_word' id='word_1_6' title='bbox 1267 349 1292 386; x_wconf 83' lang='lat' dir='ltr'>x.</span> 
     </span>
    </p>
   </div>
   <div class='ocr_carea' id='block_1_2' title="bbox 249 508 1294 1222">
    <p class='ocr_par' dir='ltr' id='par_1_2' title="bbox 249 508 1294 1222">
     <span class='ocr_line' id='line_1_2' title="bbox 286 508 1291 586; baseline 0.003 -20"><span class='ocrx_word' id='word_1_7' title='bbox 286 508 357 566; x_wconf 87' lang='lat' dir='ltr'>salvi</span> <span class='ocrx_word' id='word_1_8' title='bbox 393 526 456 566; x_wconf 89' lang='lat' dir='ltr'>esse</span> <span class='ocrx_word' id='word_1_9' title='bbox 491 519 622 583; x_wconf 88' lang='lat' dir='ltr'><strong>possent,</strong></span> <span class='ocrx_word' id='word_1_10' title='bbox 652 525 750 584; x_wconf 89' lang='lat' dir='ltr'>neque</span> <span class='ocrx_word' id='word_1_11' title='bbox 787 508 866 584; x_wconf 92' lang='lat' dir='ltr'>prius</span> <span class='ocrx_word' id='word_1_12' title='bbox 903 509 1013 567; x_wconf 76' lang='lat' dir='ltr'>bellire</span> <span class='ocrx_word' id='word_1_13' title='bbox 1051 509 1164 568; x_wconf 81' lang='lat' dir='ltr'>destitit</span> <span class='ocrx_word' id='word_1_14' title='bbox 1202 528 1291 586; x_wconf 90' lang='lat' dir='ltr'>quam</span> 
     </span>
     <span class='ocr_line' id='line_1_3' title="bbox 286 613 1162 675; baseline 0.001 -3"><span class='ocrx_word' id='word_1_15' title='bbox 286 615 425 672; x_wconf 80' lang='lat' dir='ltr'>Messone</span> <span class='ocrx_word' id='word_1_16' title='bbox 446 615 579 675; x_wconf 79' lang='lat' dir='ltr'>restitoto</span> <span class='ocrx_word' id='word_1_17' title='bbox 599 615 704 673; x_wconf 89' lang='lat' dir='ltr'>urbem</span> <span class='ocrx_word' id='word_1_18' title='bbox 727 619 829 673; x_wconf 89' lang='lat' dir='ltr'>eorum</span> <span class='ocrx_word' id='word_1_19' title='bbox 851 613 1008 674; x_wconf 90' lang='lat' dir='ltr'>obsidione</span> <span class='ocrx_word' id='word_1_20' title='bbox 1030 615 1162 675; x_wconf 81' lang='lat' dir='ltr'>clausit.”</span> 
     </span>
     <span class='ocr_line' id='line_1_4' title="bbox 326 719 1292 793; baseline 0.005 -16"><span class='ocrx_word' id='word_1_21' title='bbox 326 721 413 778; x_wconf 91' lang='lat' dir='ltr'>Haec</span> <span class='ocrx_word' id='word_1_22' title='bbox 432 739 501 778; x_wconf 91' lang='lat' dir='ltr'>cum</span> <span class='ocrx_word' id='word_1_23' title='bbox 523 719 653 793; x_wconf 84' lang='lat' dir='ltr'>dixisset,</span> <span class='ocrx_word' id='word_1_24' title='bbox 668 727 740 778; x_wconf 89' lang='lat' dir='ltr'>risus</span> <span class='ocrx_word' id='word_1_25' title='bbox 761 721 894 780; x_wconf 90' lang='lat' dir='ltr'>omnium</span> <span class='ocrx_word' id='word_1_26' title='bbox 915 739 984 779; x_wconf 92' lang='lat' dir='ltr'>cum</span> <span class='ocrx_word' id='word_1_27' title='bbox 1007 721 1150 780; x_wconf 72' lang='lat' dir='ltr'>hilaritate</span> <span class='ocrx_word' id='word_1_28' title='bbox 1172 735 1292 782; x_wconf 87' lang='lat' dir='ltr'>coortus</span> 
     </span>
     <span class='ocr_line' id='line_1_5' title="bbox 285 826 1290 902; baseline 0.003 -18"><span class='ocrx_word' id='word_1_29' title='bbox 285 836 339 898; x_wconf 92' lang='lat' dir='ltr'>est,</span> <span class='ocrx_word' id='word_1_30' title='bbox 360 844 459 902; x_wconf 90' lang='lat' dir='ltr'>neque</span> <span class='ocrx_word' id='word_1_31' title='bbox 487 827 641 902; x_wconf 89' lang='lat' dir='ltr'>quisquam</span> <span class='ocrx_word' id='word_1_32' title='bbox 670 826 760 885; x_wconf 81' lang='lat' dir='ltr'>iodex</span> <span class='ocrx_word' id='word_1_33' title='bbox 784 845 871 886; x_wconf 91' lang='lat' dir='ltr'>ausus</span> <span class='ocrx_word' id='word_1_34' title='bbox 896 837 941 886; x_wconf 91' lang='lat' dir='ltr'>est</span> <span class='ocrx_word' id='word_1_35' title='bbox 965 827 1003 886; x_wconf 82' lang='lat' dir='ltr'>do</span> <span class='ocrx_word' id='word_1_36' title='bbox 1029 833 1067 886; x_wconf 91' lang='lat' dir='ltr'>eo</span> <span class='ocrx_word' id='word_1_37' title='bbox 1092 828 1166 886; x_wconf 87' lang='lat' dir='ltr'>serre</span> <span class='ocrx_word' id='word_1_38' title='bbox 1192 829 1290 888; x_wconf 75' lang='lat' dir='ltr'>suffro-</span> 
     </span>
     <span class='ocr_line' id='line_1_6' title="bbox 249 921 1187 1008; baseline 0.002 -18"><span class='ocrx_word' id='word_1_39' title='bbox 249 953 260 1000; x_wconf 82' lang='lat'>5</span> <span class='ocrx_word' id='word_1_40' title='bbox 284 933 373 1008; x_wconf 85' lang='lat' dir='ltr'>gium.</span> <span class='ocrx_word' id='word_1_41' title='bbox 416 933 463 990; x_wconf 60' lang='grc' dir='ltr'>ᾖε</span> <span class='ocrx_word' id='word_1_42' title='bbox 484 938 502 990; x_wconf 77' lang='lat' dir='ltr'>o</span> <span class='ocrx_word' id='word_1_43' title='bbox 522 921 633 991; x_wconf 81' lang='lat' dir='ltr'>iodicio</span> <span class='ocrx_word' id='word_1_44' title='bbox 654 933 760 1008; x_wconf 89' lang='lat' dir='ltr'>capitis</span> <span class='ocrx_word' id='word_1_45' title='bbox 782 933 910 991; x_wconf 72' lang='lat' dir='ltr'>monimo</span> <span class='ocrx_word' id='word_1_46' title='bbox 930 932 1065 992; x_wconf 86' lang='lat' dir='ltr'>discessit</span> <span class='ocrx_word' id='word_1_47' title='bbox 1086 933 1187 1008; x_wconf 77' lang='lat' dir='ltr'>glorio.</span> 
     </span>
     <span class='ocr_line' id='line_1_7' title="bbox 326 1038 1293 1114; baseline 0.002 -18"><span class='ocrx_word' id='word_1_48' title='bbox 326 1039 376 1096; x_wconf 78' lang='lat' dir='ltr'>IX</span> <span class='ocrx_word' id='word_1_49' title='bbox 408 1039 468 1097; x_wconf 90' lang='lat' dir='ltr'>Hic</span> <span class='ocrx_word' id='word_1_50' title='bbox 494 1043 627 1097; x_wconf 81' lang='lat' dir='ltr'>extromo</span> <span class='ocrx_word' id='word_1_51' title='bbox 652 1048 788 1114; x_wconf 89' lang='lat' dir='ltr'>tempore</span> <span class='ocrx_word' id='word_1_52' title='bbox 813 1039 974 1114; x_wconf 74' lang='lat' dir='ltr'>impertitor</span> <span class='ocrx_word' id='word_1_53' title='bbox 998 1038 1078 1114; x_wconf 90' lang='lat' dir='ltr'>apud</span> <span class='ocrx_word' id='word_1_54' title='bbox 1107 1041 1293 1100; x_wconf 77' lang='lat' dir='ltr'>Mantinoam</span> 
     </span>
     <span class='ocr_line' id='line_1_8' title="bbox 284 1143 1294 1222; baseline 0.003 -21"><span class='ocrx_word' id='word_1_55' title='bbox 284 1162 354 1201; x_wconf 91' lang='lat' dir='ltr'>cum</span> <span class='ocrx_word' id='word_1_56' title='bbox 381 1145 446 1203; x_wconf 81' lang='lat' dir='ltr'>acio</span> <span class='ocrx_word' id='word_1_57' title='bbox 469 1149 610 1203; x_wconf 81' lang='lat' dir='ltr'>instrocto</span> <span class='ocrx_word' id='word_1_58' title='bbox 634 1143 775 1203; x_wconf 79' lang='lat' dir='ltr'>audocius</span> <span class='ocrx_word' id='word_1_59' title='bbox 801 1151 921 1203; x_wconf 72' lang='lat' dir='ltr'>instaret</span> <span class='ocrx_word' id='word_1_60' title='bbox 945 1145 1088 1218; x_wconf 84' lang='lat' dir='ltr'>hostibus,</span> <span class='ocrx_word' id='word_1_61' title='bbox 1116 1147 1250 1222; x_wconf 86' lang='lat' dir='ltr'>cognitus</span> <span class='ocrx_word' id='word_1_62' title='bbox 1276 1152 1294 1204; x_wconf 78' lang='lat' dir='ltr'>o</span> 
     </span>
    </p>
   </div>
   <div class='ocr_carea' id='block_1_3' title="bbox 284 1249 1389 1433">
    <p class='ocr_par' dir='ltr' id='par_1_3' title="bbox 284 1249 1389 1433">
     <span class='ocr_line' id='line_1_9' title="bbox 285 1249 1389 1326; baseline 0.002 -18"><span class='ocrx_word' id='word_1_63' title='bbox 285 1249 539 1323; x_wconf 86' lang='lat' dir='ltr'>Lacedaemoniis,</span> <span class='ocrx_word' id='word_1_64' title='bbox 561 1250 642 1326; x_wconf 90' lang='lat' dir='ltr'>quod</span> <span class='ocrx_word' id='word_1_65' title='bbox 664 1251 695 1309; x_wconf 90' lang='lat' dir='ltr'>in</span> <span class='ocrx_word' id='word_1_66' title='bbox 719 1256 804 1309; x_wconf 85' lang='lat' dir='ltr'>onius</span> <span class='ocrx_word' id='word_1_67' title='bbox 829 1251 961 1326; x_wconf 73' lang='lat' dir='ltr'>pernicie</span> <span class='ocrx_word' id='word_1_68' title='bbox 987 1251 1050 1310; x_wconf 81' lang='lat' dir='ltr'>oius</span> <span class='ocrx_word' id='word_1_69' title='bbox 1071 1252 1183 1326; x_wconf 83' lang='lat' dir='ltr'>patriae</span> <span class='ocrx_word' id='word_1_70' title='bbox 1205 1252 1292 1310; x_wconf 85' lang='lat' dir='ltr'>sitam</span> <span class='ocrx_word' id='word_1_71' title='bbox 1388 1284 1389 1289; x_wconf 19' lang='grc' dir='ltr'><strong><em>κ</em></strong></span> 
     </span>
     <span class='ocr_line' id='line_1_10' title="bbox 284 1355 1294 1433; baseline 0 -19"><span class='ocrx_word' id='word_1_72' title='bbox 284 1355 428 1431; x_wconf 74' lang='lat' dir='ltr'>putabant</span> <span class='ocrx_word' id='word_1_73' title='bbox 462 1356 595 1428; x_wconf 72' lang='lat' dir='ltr'>saliatem,</span> <span class='ocrx_word' id='word_1_74' title='bbox 627 1357 754 1415; x_wconf 83' lang='lat' dir='ltr'>oniversi</span> <span class='ocrx_word' id='word_1_75' title='bbox 785 1358 815 1414; x_wconf 90' lang='lat' dir='ltr'>in</span> <span class='ocrx_word' id='word_1_76' title='bbox 848 1362 939 1415; x_wconf 82' lang='lat' dir='ltr'>onum</span> <span class='ocrx_word' id='word_1_77' title='bbox 974 1357 1118 1433; x_wconf 90' lang='lat' dir='ltr'>impetum</span> <span class='ocrx_word' id='word_1_78' title='bbox 1154 1358 1294 1416; x_wconf 80' lang='lat' dir='ltr'>focorunt</span> 
     </span>
    </p>
   </div>
   <div class='ocr_carea' id='block_1_4' title="bbox 239 1462 1291 1539">
    <p class='ocr_par' dir='ltr' id='par_1_4' title="bbox 239 1462 1291 1539">
     <span class='ocr_line' id='line_1_11' title="bbox 239 1462 1291 1539; baseline 0.001 -19"><span class='ocrx_word' id='word_1_79' title='bbox 239 1468 262 1499; x_wconf 74' lang='lat'>¹2</span> <span class='ocrx_word' id='word_1_80' title='bbox 283 1479 381 1536; x_wconf 90' lang='lat' dir='ltr'>neque</span> <span class='ocrx_word' id='word_1_81' title='bbox 406 1463 487 1537; x_wconf 91' lang='lat' dir='ltr'>prius</span> <span class='ocrx_word' id='word_1_82' title='bbox 511 1463 726 1535; x_wconf 80' lang='lat' dir='ltr'>abscessorunt‚</span> <span class='ocrx_word' id='word_1_83' title='bbox 750 1481 839 1538; x_wconf 88' lang='lat' dir='ltr'>quam</span> <span class='ocrx_word' id='word_1_84' title='bbox 865 1469 971 1539; x_wconf 75' lang='lat' dir='ltr'>mogno</span> <span class='ocrx_word' id='word_1_85' title='bbox 995 1462 1088 1521; x_wconf 90' lang='lat' dir='ltr'>caede</span> <span class='ocrx_word' id='word_1_86' title='bbox 1113 1462 1194 1522; x_wconf 76' lang='lat' dir='ltr'>odito</span> <span class='ocrx_word' id='word_1_87' title='bbox 1218 1464 1291 1521; x_wconf 90' lang='lat' dir='ltr'>mul-</span> 
     </span>
    </p>
   </div>
   <div class='ocr_carea' id='block_1_5' title="bbox 284 1563 1390 1645">
    <p class='ocr_par' dir='ltr' id='par_1_5' title="bbox 284 1563 1390 1645">
     <span class='ocr_line' id='line_1_12' title="bbox 284 1563 1390 1645; baseline 0.001 -19"><span class='ocrx_word' id='word_1_88' title='bbox 284 1573 378 1644; x_wconf 87' lang='lat' dir='ltr'>tisque</span> <span class='ocrx_word' id='word_1_89' title='bbox 404 1575 507 1628; x_wconf 91' lang='lat' dir='ltr'>occisis</span> <span class='ocrx_word' id='word_1_90' title='bbox 533 1569 689 1628; x_wconf 75' lang='lat' dir='ltr'>fortissime</span> <span class='ocrx_word' id='word_1_91' title='bbox 715 1570 811 1645; x_wconf 90' lang='lat' dir='ltr'>ipsum</span> <span class='ocrx_word' id='word_1_92' title='bbox 835 1568 1075 1645; x_wconf 74' lang='lat' dir='ltr'>Epaminondam</span> <span class='ocrx_word' id='word_1_93' title='bbox 1100 1574 1291 1645; x_wconf 81' lang='lat' dir='ltr'>pognantem,</span> <span class='ocrx_word' id='word_1_94' title='bbox 1389 1563 1390 1588; x_wconf 64' lang='lat'><em>³</em></span> 
     </span>
    </p>
   </div>
   <div class='ocr_carea' id='block_1_6' title="bbox 232 1675 1292 3129">
    <p class='ocr_par' dir='ltr' id='par_1_6' title="bbox 232 1675 1292 3129">
     <span class='ocr_line' id='line_1_13' title="bbox 284 1675 1291 1750; baseline 0.002 -18"><span class='ocrx_word' id='word_1_95' title='bbox 284 1679 371 1750; x_wconf 90' lang='lat' dir='ltr'>sparo</span> <span class='ocrx_word' id='word_1_96' title='bbox 393 1675 507 1733; x_wconf 81' lang='lat' dir='ltr'>ominus</span> <span class='ocrx_word' id='word_1_97' title='bbox 528 1692 709 1750; x_wconf 89' lang='lat' dir='ltr'>percussum,</span> <span class='ocrx_word' id='word_1_98' title='bbox 732 1676 893 1735; x_wconf 90' lang='lat' dir='ltr'>concidere</span> <span class='ocrx_word' id='word_1_99' title='bbox 914 1676 1057 1734; x_wconf 79' lang='lat' dir='ltr'>viderunt</span> <span class='ocrx_word' id='word_1_100' title='bbox 1102 1676 1200 1734; x_wconf 86' lang='lat' dir='ltr'>Hirius</span> <span class='ocrx_word' id='word_1_101' title='bbox 1221 1680 1291 1734; x_wconf 72' lang='lat' dir='ltr'>caso</span> 
     </span>
     <span class='ocr_line' id='line_1_14' title="bbox 283 1779 1292 1856; baseline 0 -18"><span class='ocrx_word' id='word_1_102' title='bbox 283 1780 466 1856; x_wconf 89' lang='lat' dir='ltr'>aliquantum</span> <span class='ocrx_word' id='word_1_103' title='bbox 502 1779 641 1839; x_wconf 73' lang='lat' dir='ltr'>retardati</span> <span class='ocrx_word' id='word_1_104' title='bbox 679 1791 746 1839; x_wconf 93' lang='lat' dir='ltr'>sunt</span> <span class='ocrx_word' id='word_1_105' title='bbox 785 1783 899 1853; x_wconf 79' lang='lat' dir='ltr'>Boeoti,</span> <span class='ocrx_word' id='word_1_106' title='bbox 936 1799 1033 1856; x_wconf 92' lang='lat' dir='ltr'>neque</span> <span class='ocrx_word' id='word_1_107' title='bbox 1072 1792 1172 1840; x_wconf 91' lang='lat' dir='ltr'>tamen</span> <span class='ocrx_word' id='word_1_108' title='bbox 1212 1781 1292 1856; x_wconf 90' lang='lat' dir='ltr'>prius</span> 
     </span>
     <span class='ocr_line' id='line_1_15' title="bbox 284 1886 1292 1962; baseline -0.001 -17"><span class='ocrx_word' id='word_1_109' title='bbox 284 1892 383 1962; x_wconf 73' lang='lat' dir='ltr'>pogna</span> <span class='ocrx_word' id='word_1_110' title='bbox 417 1892 605 1946; x_wconf 80' lang='lat' dir='ltr'>excessorunt</span> <span class='ocrx_word' id='word_1_111' title='bbox 639 1905 730 1962; x_wconf 89' lang='lat' dir='ltr'>quam</span> <span class='ocrx_word' id='word_1_112' title='bbox 765 1891 962 1962; x_wconf 81' lang='lat' dir='ltr'>repognantos</span> <span class='ocrx_word' id='word_1_113' title='bbox 998 1886 1197 1962; x_wconf 77' lang='lat' dir='ltr'>profligorunt.</span> <span class='ocrx_word' id='word_1_114' title='bbox 1251 1890 1292 1944; x_wconf 88' lang='lat' dir='ltr'>At</span> 
     </span>
     <span class='ocr_line' id='line_1_16' title="bbox 239 1992 1291 2068; baseline 0.002 -19"><span class='ocrx_word' id='word_1_115' title='bbox 239 2017 259 2064; x_wconf 70' lang='grc' dir='ltr'>ις</span> <span class='ocrx_word' id='word_1_116' title='bbox 284 1994 517 2068; x_wconf 82' lang='lat' dir='ltr'>Epaminondais,</span> <span class='ocrx_word' id='word_1_117' title='bbox 541 2012 610 2051; x_wconf 91' lang='lat' dir='ltr'>cum</span> <span class='ocrx_word' id='word_1_118' title='bbox 638 1992 887 2051; x_wconf 87' lang='lat' dir='ltr'>animadverteret</span> <span class='ocrx_word' id='word_1_119' title='bbox 916 1992 1098 2051; x_wconf 81' lang='lat' dir='ltr'>mortiferum</span> <span class='ocrx_word' id='word_1_120' title='bbox 1128 1997 1160 2050; x_wconf 74' lang='lat' dir='ltr'>so</span> <span class='ocrx_word' id='word_1_121' title='bbox 1188 1992 1291 2051; x_wconf 89' lang='lat' dir='ltr'>vulnus</span> 
     </span>
     <span class='ocr_line' id='line_1_17' title="bbox 283 2098 1290 2176; baseline -0.002 -17"><span class='ocrx_word' id='word_1_122' title='bbox 283 2101 434 2176; x_wconf 81' lang='lat' dir='ltr'>accopisse</span> <span class='ocrx_word' id='word_1_123' title='bbox 459 2100 613 2176; x_wconf 90' lang='lat' dir='ltr'>simulque,</span> <span class='ocrx_word' id='word_1_124' title='bbox 635 2105 658 2158; x_wconf 90' lang='lat' dir='ltr'>si</span> <span class='ocrx_word' id='word_1_125' title='bbox 683 2099 801 2172; x_wconf 89' lang='lat' dir='ltr'>serrum,</span> <span class='ocrx_word' id='word_1_126' title='bbox 823 2098 904 2175; x_wconf 93' lang='lat' dir='ltr'>quod</span> <span class='ocrx_word' id='word_1_127' title='bbox 930 2117 967 2157; x_wconf 91' lang='lat' dir='ltr'>ex</span> <span class='ocrx_word' id='word_1_128' title='bbox 992 2099 1087 2158; x_wconf 87' lang='lat' dir='ltr'>hastili</span> <span class='ocrx_word' id='word_1_129' title='bbox 1111 2099 1141 2157; x_wconf 92' lang='lat' dir='ltr'>in</span> <span class='ocrx_word' id='word_1_130' title='bbox 1165 2117 1290 2174; x_wconf 86' lang='lat' dir='ltr'>corpore</span> 
     </span>
     <span class='ocr_line' id='line_1_18' title="bbox 283 2206 1290 2279; baseline -0.002 -14"><span class='ocrx_word' id='word_1_131' title='bbox 283 2213 473 2279; x_wconf 77' lang='lat' dir='ltr'>remonserat,</span> <span class='ocrx_word' id='word_1_132' title='bbox 499 2207 678 2277; x_wconf 72' lang='lat' dir='ltr'>extraxisset,</span> <span class='ocrx_word' id='word_1_133' title='bbox 704 2206 834 2264; x_wconf 87' lang='lat' dir='ltr'>animam</span> <span class='ocrx_word' id='word_1_134' title='bbox 863 2206 961 2264; x_wconf 87' lang='lat' dir='ltr'>statim</span> <span class='ocrx_word' id='word_1_135' title='bbox 990 2210 1172 2277; x_wconf 78' lang='lat' dir='ltr'>omissorum,</span> <span class='ocrx_word' id='word_1_136' title='bbox 1198 2224 1290 2279; x_wconf 92' lang='lat' dir='ltr'>usque</span> 
     </span>
     <span class='ocr_line' id='line_1_19' title="bbox 284 2310 1291 2387; baseline -0.004 -15"><span class='ocrx_word' id='word_1_137' title='bbox 284 2318 321 2372; x_wconf 90' lang='lat' dir='ltr'>eo</span> <span class='ocrx_word' id='word_1_138' title='bbox 349 2313 477 2385; x_wconf 88' lang='lat' dir='ltr'>retinuit,</span> <span class='ocrx_word' id='word_1_139' title='bbox 506 2313 605 2387; x_wconf 88' lang='lat' dir='ltr'>quoad</span> <span class='ocrx_word' id='word_1_140' title='bbox 634 2313 831 2371; x_wconf 77' lang='lat' dir='ltr'>remintiotum</span> <span class='ocrx_word' id='word_1_141' title='bbox 860 2323 904 2370; x_wconf 91' lang='lat' dir='ltr'>est</span> <span class='ocrx_word' id='word_1_142' title='bbox 932 2313 1036 2370; x_wconf 88' lang='lat' dir='ltr'>vicisse</span> <span class='ocrx_word' id='word_1_143' title='bbox 1065 2314 1203 2371; x_wconf 90' lang='lat' dir='ltr'>Boeotos.</span> <span class='ocrx_word' id='word_1_144' title='bbox 1253 2310 1291 2368; x_wconf 94' lang='lat' dir='ltr'>Id</span> 
     </span>
     <span class='ocr_line' id='line_1_20' title="bbox 283 2416 1289 2495; baseline -0.004 -18"><span class='ocrx_word' id='word_1_145' title='bbox 283 2429 442 2495; x_wconf 89' lang='lat' dir='ltr'>postquam</span> <span class='ocrx_word' id='word_1_146' title='bbox 474 2418 593 2490; x_wconf 87' lang='lat' dir='ltr'>audivit,</span> <span class='ocrx_word' id='word_1_147' title='bbox 622 2419 754 2490; x_wconf 86' lang='lat' dir='ltr'>“Satis,”</span> <span class='ocrx_word' id='word_1_148' title='bbox 785 2418 888 2493; x_wconf 91' lang='lat' dir='ltr'>inquit,</span> <span class='ocrx_word' id='word_1_149' title='bbox 918 2421 1021 2490; x_wconf 80' lang='lat' dir='ltr'>“vixi3</span> <span class='ocrx_word' id='word_1_150' title='bbox 1058 2418 1182 2475; x_wconf 88' lang='lat' dir='ltr'>invictus</span> <span class='ocrx_word' id='word_1_151' title='bbox 1210 2416 1289 2474; x_wconf 90' lang='lat' dir='ltr'>enim</span> 
     </span>
     <span class='ocr_line' id='line_1_21' title="bbox 233 2523 1250 2584; baseline -0.004 0"><span class='ocrx_word' id='word_1_152' title='bbox 233 2540 261 2571; x_wconf 83' lang='lat'>²0</span> <span class='ocrx_word' id='word_1_153' title='bbox 284 2526 422 2584; x_wconf 88' lang='lat' dir='ltr'>morior.&#39;&#39;</span> <span class='ocrx_word' id='word_1_154' title='bbox 464 2525 542 2582; x_wconf 92' lang='lat' dir='ltr'>Turn</span> <span class='ocrx_word' id='word_1_155' title='bbox 563 2524 640 2583; x_wconf 81' lang='lat' dir='ltr'>ferro</span> <span class='ocrx_word' id='word_1_156' title='bbox 662 2530 794 2583; x_wconf 86' lang='lat' dir='ltr'>extracto</span> <span class='ocrx_word' id='word_1_157' title='bbox 816 2524 972 2582; x_wconf 84' lang='lat' dir='ltr'>confestim</span> <span class='ocrx_word' id='word_1_158' title='bbox 995 2523 1176 2581; x_wconf 77' lang='lat' dir='ltr'>exanimatus</span> <span class='ocrx_word' id='word_1_159' title='bbox 1198 2532 1250 2581; x_wconf 91' lang='lat' dir='ltr'>est.</span> 
     </span>
     <span class='ocr_line' id='line_1_22' title="bbox 322 2630 1287 2712; baseline -0.004 -23"><span class='ocrx_word' id='word_1_160' title='bbox 322 2633 359 2689; x_wconf 92' lang='lat' dir='ltr'>X.</span> <span class='ocrx_word' id='word_1_161' title='bbox 395 2633 455 2688; x_wconf 88' lang='lat' dir='ltr'>Hic</span> <span class='ocrx_word' id='word_1_162' title='bbox 482 2636 605 2712; x_wconf 85' lang='lat' dir='ltr'>uxorem</span> <span class='ocrx_word' id='word_1_163' title='bbox 632 2649 794 2705; x_wconf 87' lang='lat' dir='ltr'>numquam</span> <span class='ocrx_word' id='word_1_164' title='bbox 823 2630 915 2690; x_wconf 80' lang='lat' dir='ltr'>duxit.</span> <span class='ocrx_word' id='word_1_165' title='bbox 972 2631 1008 2687; x_wconf 93' lang='lat' dir='ltr'>In</span> <span class='ocrx_word' id='word_1_166' title='bbox 1036 2634 1096 2703; x_wconf 88' lang='lat' dir='ltr'>quo</span> <span class='ocrx_word' id='word_1_167' title='bbox 1125 2647 1193 2686; x_wconf 90' lang='lat' dir='ltr'>cum</span> <span class='ocrx_word' id='word_1_168' title='bbox 1222 2646 1287 2703; x_wconf 85' lang='lat' dir='ltr'>rep-</span> 
     </span>
     <span class='ocr_line' id='line_1_23' title="bbox 283 2734 1288 2811; baseline -0.003 -17"><span class='ocrx_word' id='word_1_169' title='bbox 283 2735 494 2795; x_wconf 82' lang='lat' dir='ltr'>rehenderotur</span> <span class='ocrx_word' id='word_1_170' title='bbox 526 2741 544 2793; x_wconf 76' lang='lat' dir='ltr'>o</span> <span class='ocrx_word' id='word_1_171' title='bbox 578 2735 729 2811; x_wconf 78' lang='lat' dir='ltr'>Pelopido,</span> <span class='ocrx_word' id='word_1_172' title='bbox 759 2742 809 2810; x_wconf 89' lang='lat' dir='ltr'>qui</span> <span class='ocrx_word' id='word_1_173' title='bbox 846 2735 941 2792; x_wconf 89' lang='lat' dir='ltr'>silium</span> <span class='ocrx_word' id='word_1_174' title='bbox 974 2735 1102 2793; x_wconf 76' lang='lat' dir='ltr'>habobnt</span> <span class='ocrx_word' id='word_1_175' title='bbox 1133 2734 1288 2805; x_wconf 76' lang='lat' dir='ltr'>infirmem,</span> 
     </span>
     <span class='ocr_line' id='line_1_24' title="bbox 283 2838 1287 2918; baseline -0.004 -17"><span class='ocrx_word' id='word_1_176' title='bbox 283 2843 419 2918; x_wconf 88' lang='lat' dir='ltr'>maleque</span> <span class='ocrx_word' id='word_1_177' title='bbox 458 2861 527 2901; x_wconf 91' lang='lat' dir='ltr'>eum</span> <span class='ocrx_word' id='word_1_178' title='bbox 565 2842 595 2899; x_wconf 94' lang='lat' dir='ltr'>in</span> <span class='ocrx_word' id='word_1_179' title='bbox 634 2846 671 2899; x_wconf 92' lang='lat' dir='ltr'>eo</span> <span class='ocrx_word' id='word_1_180' title='bbox 710 2842 821 2915; x_wconf 87' lang='lat' dir='ltr'>patriae</span> <span class='ocrx_word' id='word_1_181' title='bbox 860 2841 1015 2898; x_wconf 89' lang='lat' dir='ltr'>consulere</span> <span class='ocrx_word' id='word_1_182' title='bbox 1047 2840 1169 2912; x_wconf 90' lang='lat' dir='ltr'>diceret,</span> <span class='ocrx_word' id='word_1_183' title='bbox 1207 2838 1287 2915; x_wconf 93' lang='lat' dir='ltr'>quod</span> 
     </span>
     <span class='ocr_line' id='line_1_25' title="bbox 282 2946 1288 3022; baseline -0.003 -16"><span class='ocrx_word' id='word_1_184' title='bbox 282 2949 389 3009; x_wconf 89' lang='lat' dir='ltr'>liberos</span> <span class='ocrx_word' id='word_1_185' title='bbox 423 2954 484 3006; x_wconf 89' lang='lat' dir='ltr'>non</span> <span class='ocrx_word' id='word_1_186' title='bbox 517 2948 704 3022; x_wconf 88' lang='lat' dir='ltr'>relinqueret,</span> <span class='ocrx_word' id='word_1_187' title='bbox 737 2951 755 2977; x_wconf 83' lang='lat'>‘⁴</span> <span class='ocrx_word' id='word_1_188' title='bbox 765 2946 870 3018; x_wconf 80' lang='lat' dir='ltr'>Vide,”</span> <span class='ocrx_word' id='word_1_189' title='bbox 903 2947 1006 3020; x_wconf 90' lang='lat' dir='ltr'>inquit,</span> <span class='ocrx_word' id='word_1_190' title='bbox 1035 2950 1103 3004; x_wconf 83' lang='lat' dir='ltr'>“no</span> <span class='ocrx_word' id='word_1_191' title='bbox 1138 2950 1170 3004; x_wconf 82' lang='lat' dir='ltr'>tir</span> <span class='ocrx_word' id='word_1_192' title='bbox 1205 2946 1288 3020; x_wconf 74' lang='lat' dir='ltr'>peius</span> 
     </span>
     <span class='ocr_line' id='line_1_26' title="bbox 232 3052 1285 3129; baseline -0.005 -16"><span class='ocrx_word' id='word_1_193' title='bbox 232 3080 259 3127; x_wconf 83' lang='lat'>²5</span> <span class='ocrx_word' id='word_1_194' title='bbox 283 3054 426 3126; x_wconf 73' lang='lat' dir='ltr'>consulis,</span> <span class='ocrx_word' id='word_1_195' title='bbox 455 3060 505 3129; x_wconf 90' lang='lat' dir='ltr'>qui</span> <span class='ocrx_word' id='word_1_196' title='bbox 532 3053 620 3112; x_wconf 78' lang='lat' dir='ltr'>tolem</span> <span class='ocrx_word' id='word_1_197' title='bbox 649 3071 685 3110; x_wconf 87' lang='lat' dir='ltr'>ex</span> <span class='ocrx_word' id='word_1_198' title='bbox 714 3057 743 3111; x_wconf 77' lang='lat' dir='ltr'>to</span> <span class='ocrx_word' id='word_1_199' title='bbox 771 3059 871 3111; x_wconf 76' lang='lat' dir='ltr'>notum</span> <span class='ocrx_word' id='word_1_200' title='bbox 901 3054 1053 3110; x_wconf 85' lang='lat' dir='ltr'>relictorus</span> <span class='ocrx_word' id='word_1_201' title='bbox 1082 3058 1129 3110; x_wconf 89' lang='lat' dir='ltr'>sis.</span> <span class='ocrx_word' id='word_1_202' title='bbox 1180 3052 1285 3125; x_wconf 90' lang='lat' dir='ltr'>Neque</span> 
     </span>
    </p>
   </div>
   <div class='ocr_carea' id='block_1_7' title="bbox 283 3158 1288 3235">
    <p class='ocr_par' dir='ltr' id='par_1_7' title="bbox 283 3154 1392 3235">
     <span class='ocr_line' id='line_1_27' title="bbox 283 3158 1288 3235; baseline -0.005 -16"><span class='ocrx_word' id='word_1_203' title='bbox 283 3166 353 3220; x_wconf 83' lang='lat' dir='ltr'>voro</span> <span class='ocrx_word' id='word_1_204' title='bbox 380 3160 467 3235; x_wconf 89' lang='lat' dir='ltr'>stirps</span> <span class='ocrx_word' id='word_1_205' title='bbox 495 3168 594 3234; x_wconf 90' lang='lat' dir='ltr'>potest</span> <span class='ocrx_word' id='word_1_206' title='bbox 622 3158 695 3215; x_wconf 91' lang='lat' dir='ltr'>mihi</span> <span class='ocrx_word' id='word_1_207' title='bbox 724 3158 827 3217; x_wconf 86' lang='lat' dir='ltr'>deesse</span> <span class='ocrx_word' id='word_1_208' title='bbox 839 3178 847 3230; x_wconf 91' lang='lat'>;</span> <span class='ocrx_word' id='word_1_209' title='bbox 883 3177 1010 3234; x_wconf 91' lang='lat' dir='ltr'>namque</span> <span class='ocrx_word' id='word_1_210' title='bbox 1044 3176 1081 3216; x_wconf 92' lang='lat' dir='ltr'>ex</span> <span class='ocrx_word' id='word_1_211' title='bbox 1112 3162 1160 3215; x_wconf 77' lang='lat' dir='ltr'>mo</span> <span class='ocrx_word' id='word_1_212' title='bbox 1188 3164 1288 3215; x_wconf 78' lang='lat' dir='ltr'>notam</span> 
     </span>
    </p>
   </div>
   <div class='ocr_carea' id='block_1_8' title="bbox 282 3262 1392 3341">
    <p class='ocr_par' dir='ltr' id='par_1_8' title="bbox 282 3262 1392 3341">
     <span class='ocr_line' id='line_1_28' title="bbox 282 3262 1392 3341; baseline -0.006 -16"><span class='ocrx_word' id='word_1_213' title='bbox 282 3268 418 3341; x_wconf 88' lang='lat' dir='ltr'>relinquo</span> <span class='ocrx_word' id='word_1_214' title='bbox 456 3270 585 3341; x_wconf 78' lang='lat' dir='ltr'>pignam</span> <span class='ocrx_word' id='word_1_215' title='bbox 628 3266 823 3334; x_wconf 90' lang='lat' dir='ltr'>Leuctricam,</span> <span class='ocrx_word' id='word_1_216' title='bbox 866 3282 941 3339; x_wconf 91' lang='lat' dir='ltr'>quae</span> <span class='ocrx_word' id='word_1_217' title='bbox 983 3270 1044 3323; x_wconf 91' lang='lat' dir='ltr'>non</span> <span class='ocrx_word' id='word_1_218' title='bbox 1086 3263 1178 3322; x_wconf 91' lang='lat' dir='ltr'>modo</span> <span class='ocrx_word' id='word_1_219' title='bbox 1217 3262 1289 3321; x_wconf 92' lang='lat' dir='ltr'>mihi</span> <span class='ocrx_word' id='word_1_220' title='bbox 1391 3314 1392 3319; x_wconf 74' lang='grc'>,</span> 
     </span>
    </p>
   </div>
   <div class='ocr_carea' id='block_1_9' title="bbox 232 3370 1288 3872">
    <p class='ocr_par' dir='ltr' id='par_1_9' title="bbox 232 3370 1288 3872">
     <span class='ocr_line' id='line_1_29' title="bbox 282 3370 1288 3448; baseline -0.004 -16"><span class='ocrx_word' id='word_1_221' title='bbox 282 3383 439 3448; x_wconf 70' lang='lat' dir='ltr'>superstes</span> <span class='ocrx_word' id='word_1_222' title='bbox 467 3372 521 3429; x_wconf 86' lang='lat' dir='ltr'>sed</span> <span class='ocrx_word' id='word_1_223' title='bbox 549 3371 639 3428; x_wconf 87' lang='lat' dir='ltr'>etiarn</span> <span class='ocrx_word' id='word_1_224' title='bbox 668 3371 841 3428; x_wconf 76' lang='lat' dir='ltr'>immortolis</span> <span class='ocrx_word' id='word_1_225' title='bbox 870 3371 907 3428; x_wconf 90' lang='lat' dir='ltr'>sit</span> <span class='ocrx_word' id='word_1_226' title='bbox 935 3388 1056 3429; x_wconf 91' lang='lat' dir='ltr'>necesse</span> <span class='ocrx_word' id='word_1_227' title='bbox 1089 3372 1162 3427; x_wconf 86' lang='lat' dir='ltr'>est.”</span> <span class='ocrx_word' id='word_1_228' title='bbox 1220 3370 1288 3443; x_wconf 90' lang='lat' dir='ltr'>Quo</span> 
     </span>
     <span class='ocr_line' id='line_1_30' title="bbox 283 3476 1288 3554; baseline -0.006 -16"><span class='ocrx_word' id='word_1_229' title='bbox 283 3490 418 3554; x_wconf 88' lang='lat' dir='ltr'>tempore</span> <span class='ocrx_word' id='word_1_230' title='bbox 449 3476 526 3535; x_wconf 90' lang='lat' dir='ltr'>duce</span> <span class='ocrx_word' id='word_1_231' title='bbox 562 3476 706 3552; x_wconf 76' lang='lat' dir='ltr'>Pelopida</span> <span class='ocrx_word' id='word_1_232' title='bbox 740 3477 854 3534; x_wconf 80' lang='lat' dir='ltr'>exsulos</span> <span class='ocrx_word' id='word_1_233' title='bbox 888 3476 1006 3535; x_wconf 76' lang='lat' dir='ltr'>Thobos</span> <span class='ocrx_word' id='word_1_234' title='bbox 1041 3481 1224 3549; x_wconf 69' lang='lat' dir='ltr'>occuparunt</span> <span class='ocrx_word' id='word_1_235' title='bbox 1258 3485 1288 3532; x_wconf 94' lang='lat' dir='ltr'>et</span> 
     </span>
     <span class='ocr_line' id='line_1_31' title="bbox 232 3581 1286 3662; baseline -0.008 -17"><span class='ocrx_word' id='word_1_236' title='bbox 232 3613 261 3659; x_wconf 83' lang='lat'>30</span> <span class='ocrx_word' id='word_1_237' title='bbox 282 3584 462 3662; x_wconf 90' lang='lat' dir='ltr'>praesidium</span> <span class='ocrx_word' id='word_1_238' title='bbox 495 3583 802 3641; x_wconf 82' lang='lat' dir='ltr'>Lacedaemoniorum</span> <span class='ocrx_word' id='word_1_239' title='bbox 833 3600 869 3639; x_wconf 86' lang='lat' dir='ltr'>ex</span> <span class='ocrx_word' id='word_1_240' title='bbox 898 3601 965 3640; x_wconf 87' lang='lat' dir='ltr'>arce</span> <span class='ocrx_word' id='word_1_241' title='bbox 995 3581 1179 3657; x_wconf 71' lang='lat' dir='ltr'>expulerunt,</span> <span class='ocrx_word' id='word_1_242' title='bbox 1210 3582 1286 3656; x_wconf 86' lang='lat' dir='ltr'>Epa-</span> 
     </span>
     <span class='ocr_line' id='line_1_32' title="bbox 281 3686 1287 3767; baseline -0.009 -14"><span class='ocrx_word' id='word_1_243' title='bbox 281 3694 445 3765; x_wconf 58' lang='lat' dir='ltr'>minondam,</span> <span class='ocrx_word' id='word_1_244' title='bbox 468 3710 558 3767; x_wconf 88' lang='lat' dir='ltr'>quam</span> <span class='ocrx_word' id='word_1_245' title='bbox 587 3689 639 3746; x_wconf 82' lang='lat' dir='ltr'>dio</span> <span class='ocrx_word' id='word_1_246' title='bbox 668 3690 745 3746; x_wconf 83' lang='lat' dir='ltr'>sacta</span> <span class='ocrx_word' id='word_1_247' title='bbox 772 3699 817 3745; x_wconf 92' lang='lat' dir='ltr'>est</span> <span class='ocrx_word' id='word_1_248' title='bbox 840 3688 949 3746; x_wconf 80' lang='lat' dir='ltr'>caedos</span> <span class='ocrx_word' id='word_1_249' title='bbox 983 3688 1099 3760; x_wconf 89' lang='lat' dir='ltr'>civium,</span> <span class='ocrx_word' id='word_1_250' title='bbox 1129 3686 1221 3745; x_wconf 90' lang='lat' dir='ltr'>domo</span> <span class='ocrx_word' id='word_1_251' title='bbox 1257 3691 1287 3744; x_wconf 78' lang='lat' dir='ltr'>so</span> 
     </span>
     <span class='ocr_line' id='line_1_33' title="bbox 283 3792 1286 3872; baseline -0.01 -13"><span class='ocrx_word' id='word_1_252' title='bbox 283 3800 385 3867; x_wconf 89' lang='lat' dir='ltr'>tenuit,</span> <span class='ocrx_word' id='word_1_253' title='bbox 413 3795 494 3872; x_wconf 89' lang='lat' dir='ltr'>quod</span> <span class='ocrx_word' id='word_1_254' title='bbox 524 3812 621 3869; x_wconf 90' lang='lat' dir='ltr'>neque</span> <span class='ocrx_word' id='word_1_255' title='bbox 649 3792 811 3852; x_wconf 76' lang='lat' dir='ltr'>dosendere</span> <span class='ocrx_word' id='word_1_256' title='bbox 840 3793 932 3851; x_wconf 87' lang='lat' dir='ltr'>malos</span> <span class='ocrx_word' id='word_1_257' title='bbox 963 3794 1081 3853; x_wconf 77' lang='lat' dir='ltr'>volobat</span> <span class='ocrx_word' id='word_1_258' title='bbox 1109 3811 1206 3869; x_wconf 91' lang='lat' dir='ltr'>neque</span> <span class='ocrx_word' id='word_1_259' title='bbox 1233 3792 1286 3850; x_wconf 91' lang='lat' dir='ltr'>im-</span> 
     </span>
    </p>
   </div>
   <div class='ocr_carea' id='block_1_10' title="bbox 0 0 1414 4250">
    <p class='ocr_par' dir='ltr' id='par_1_10' title="bbox 0 0 1414 4250">
     <span class='ocr_line' id='line_1_34' title="bbox 0 0 1414 4250; baseline 0 1"><span class='ocrx_word' id='word_1_260' title='bbox 0 0 1414 4250; x_wconf 95' lang='lat' dir='ltr'> </span> 
     </span>
    </p>
   </div>
  </div>
 </body>
</html>
