2817 4250
625 849 696 908 xri.
732 835 946 909 curtennis

325 1034 349 1093 1.
379 1035 521 1095 Chabries
549 1034 746 1094 Atheniensis.
793 1037 855 1092 Hic
882 1052 1002 1109 quoque
1030 1035 1061 1092 in
1089 1041 1215 1093 summis
1243 1035 1296 1092 ha-

284 1138 361 1198 bitus
389 1151 434 1199 est
461 1141 586 1200 ducibus
614 1145 720 1216 resque
749 1140 854 1198 multis
882 1140 1027 1198 memorie
1055 1139 1159 1215 dignes
1193 1141 1295 1216 gessit.

283 1245 342 1304 Sed
365 1265 402 1304 ex
419 1253 460 1305 eis
485 1247 581 1305 elficet
606 1247 734 1305 mexime
758 1245 910 1304 inventum
933 1246 995 1303 eius
1020 1246 1050 1303 in
1071 1246 1187 1320 proelie
1209 1246 1296 1320 quod

283 1351 364 1425 apud
384 1351 504 1411 Thebes
526 1352 610 1426 fecit,
632 1371 700 1409 curn
723 1353 842 1410 Boeetis
863 1350 995 1410 subsidie
1015 1351 1153 1410 venisset.
1198 1352 1294 1408 Nam-

249 1473 341 1531 5que
385 1462 416 1518 in
456 1469 493 1521 ee
535 1467 658 1524 victerie
701 1466 817 1524 sidente
860 1464 978 1521 summe
1020 1458 1098 1516 duce
1141 1459 1298 1533 Agesilae,

282 1562 386 1638 sugetis
417 1563 476 1620 iarn
507 1562 545 1620 ab
577 1568 613 1620 ee
648 1561 842 1620 conducticiis
877 1568 1009 1633 catervis,
1038 1562 1182 1636 reliquam
1219 1563 1294 1636 pha-

282 1668 399 1743 langem
420 1669 488 1726 loce
508 1669 600 1726 vetuit
621 1668 728 1726 cedere
749 1669 918 1742 obnixeque
940 1672 1018 1742 genti
1038 1672 1133 1738 seete,
1155 1669 1296 1743 preiecte

281 1773 367 1831 haste
389 1774 534 1848 impetum
556 1774 693 1849 excipere
716 1774 844 1832 hostium
866 1772 977 1830 docuit.
1020 1773 1057 1830 Id
1078 1791 1189 1830 novum
1213 1776 1293 1849 Age-

281 1880 368 1938 sih’rus
396 1885 539 1938 contuens
567 1880 707 1955 pregredi
734 1885 794 1936 nen
822 1889 866 1938 est
890 1898 976 1938 ausus
1002 1884 1131 1953 suesque
1156 1879 1218 1937 iarn
1247 1881 1293 1938 in-

233 2007 259 2038 10
281 1990 432 2044 currentes
460 1987 531 2044 tube
561 1986 717 2043 revocevit.
773 1986 845 2043 Hec
872 2003 966 2060 usque
998 1990 1035 2042 ee
1067 1990 1131 2067 tete
1161 1987 1295 2044 Graeciae

281 2092 364 2149 sitne
391 2092 571 2151 celebretum
596 2101 649 2163 est,
674 2101 708 2149 ut
731 2091 781 2149 ille
806 2096 884 2150 statii
909 2090 1052 2151 Chabries
1077 2091 1134 2151 sibi
1159 2102 1293 2150 statuam

280 2198 343 2255 fieri
369 2198 502 2269 voluerit,
531 2216 606 2271 quae
635 2197 753 2271 piiblice
781 2204 808 2254 ei
836 2197 873 2255 ab
902 2198 1130 2256 Atheniensibus
1159 2199 1191 2255 in
1225 2200 1293 2257 sore

280 2305 439 2361 censtitr'ita
468 2314 520 2361 est.
578 2304 624 2360 Ex
651 2308 711 2377 que
743 2304 853 2359 sactum
883 2313 927 2361 est
957 2314 989 2360 ut
1020 2308 1127 2378 postee
1157 2305 1294 2373 athletae

280 2414 429 2484 ceterique
461 2409 588 2467 artifices
613 2415 653 2467 eis
685 2409 806 2467 statibus
837 2410 867 2465 in
902 2416 1004 2467 statuis
1038 2410 1188 2484 penendis
1225 2415 1292 2468 iite-

230 2536 254 2583 ¹5
278 2526 387 2587 rentur,
409 2516 515 2589 quibus
535 2516 687 2572 victeriam
710 2525 808 2572 essent
828 2515 939 2589 adepti.

319 2622 361 2678 ΙΙ.
391 2619 533 2678 Chabries
565 2630 664 2677 autern
700 2620 791 2677 multa
826 2621 855 2677 in
891 2622 1012 2695 Eurepe
1046 2621 1124 2680 bella
1159 2620 1291 2679 admini-

278 2727 387 2797 strevit,
416 2743 484 2783 curn
517 2726 577 2783 dux
608 2725 831 2783 Atheniensium
864 2736 959 2798 esset;
995 2727 1026 2783 in
1060 2730 1201 2801 Aegypte
1237 2733 1294 2785 sue

278 2842 384 2906 sponte
411 2832 509 2906 gessit.
554 2831 631 2887 Nam
661 2830 850 2887 Nectenebin
877 2830 1011 2888 adisitum
1041 2833 1194 2905 profectus
1223 2838 1291 2908 reg-

276 2955 348 2995 num
377 2942 404 2994 ei
435 2936 595 2994 censtituit.
651 2936 736 2992 Fecit
767 2935 848 2993 idem
880 2936 979 3010 Cypri,
1008 2936 1062 2994 sed
1094 2937 1217 3012 piiblice
1250 2939 1293 2997 ab

226 3066 254 3097 ιο
276 3042 504 3101 Atheniensibus
534 3042 686 3115 Euagorae
715 3040 831 3098 adiutor
858 3040 954 3112 datus,
977 3059 1075 3115 neque
1104 3043 1187 3117 prius
1216 3044 1292 3101 inde

276 3149 420 3220 discessit,
445 3166 533 3222 quarn
563 3152 656 3204 tetam
683 3146 807 3203 insulam
833 3146 912 3204 belle
937 3147 1128 3220 devinceret3
1161 3155 1224 3223 que
1253 3168 1294 3207 ex

275 3261 308 3313 re
336 3254 531 3312 Athenienses
566 3258 703 3327 megnam
738 3250 860 3325 gleriam
892 3262 959 3309 sunt
989 3253 1101 3327 adepti.
1159 3256 1293 3313 Interim

276 3360 386 3418 bellurn
414 3359 490 3415 inter
517 3358 678 3431 Aegypties
708 3366 738 3413 et
767 3358 869 3414 Perses
897 3357 1060 3416 cenfletum
1088 3369 1143 3418 est.
1193 3361 1292 3418 Athe-

275 3466 393 3524 nienses
429 3482 496 3521 curn
530 3464 691 3520 Artaxerxe
728 3462 900 3520 societetem
932 3463 1091 3535 habebant,
1130 3465 1292 3524 Lacedae-

224 3593 250 3641 ²5
275 3572 368 3629 monii
388 3589 456 3627 curn
478 3569 638 3643 Aegyptiis,
661 3568 804 3642 equibus
831 3573 949 3643 megnes
971 3569 1097 3643 praedes
1118 3572 1292 3645 Agesih'tuS,

274 3682 326 3736 rex
355 3681 465 3746 eerum,
496 3674 632 3732 faciebat.
688 3672 725 3730 Id
757 3674 872 3732 intuens
904 3675 1056 3746 Chabries,
1086 3693 1157 3732 cum
1191 3678 1225 3734 in
1257 3682 1294 3735 re

274 3782 354 3841 mille
387 3779 524 3855 Agesilee
558 3779 688 3846 cederet,
724 3784 776 3835 sua
810 3789 916 3853 sponte
953 3786 1005 3839 ees
1040 3781 1179 3840 adifitum
1217 3800 1293 3857 pro-

736 3910 769 3961 54
