2817 4250
507 847 558 906 rv.
588 831 817 907 Pnusnuris.

202 1026 227 1082 Ι.
257 1024 413 1083 Pausaniis
442 1024 697 1082 Lacedaemonius
725 1029 848 1099 maignus
872 1023 973 1095 horno,
995 1021 1048 1082 sed
1068 1022 1164 1082 varius

158 1131 189 1187 in
213 1135 296 1194 omni
317 1147 425 1205 genere
449 1135 526 1188 vitae
551 1129 623 1203 fuit;
659 1147 729 1187 nam
757 1139 789 1187 ut
816 1129 971 1188 virtutibus
999 1129 1098 1200 elixit,
1123 1135 1164 1186 sic

158 1236 236 1294 vitiis
271 1246 316 1294 est
350 1234 481 1294 obrutus.
537 1235 634 1293 Hriius
669 1235 904 1294 inlistrissimum
940 1245 985 1293 est
1019 1234 1164 1310 proelium

159 1341 241 1416 apud
271 1341 410 1400 Plataeas.
441 1315 605 1415 ‘illamque
635 1341 685 1398 illo
714 1341 791 1400 duce
821 1339 1004 1412 Mardonius,
1033 1345 1164 1414 satrapes

159 1447 267 1522 regius,
288 1447 414 1505 'uitione
447 1445 564 1518 Medus,
592 1447 668 1522 rigis
702 1465 802 1523 gener,
831 1447 862 1504 in
896 1453 996 1521 primis
1030 1447 1164 1503 omnium
1188 1472 1199 1519 5

161 1555 316 1611 Persarum
342 1563 372 1611 et
397 1553 588 1610 manufortis
613 1563 644 1610 et
665 1553 779 1611 consilii
803 1553 917 1628 plenus,
938 1571 1007 1610 cum
1028 1551 1164 1610 ducentis

161 1660 278 1719 milibus
303 1659 447 1735 peditum,
473 1665 547 1734 quos
571 1660 678 1718 viritim
701 1661 822 1735 legerat,
846 1670 877 1718 et
903 1660 1005 1734 viginti
1032 1660 1164 1733 equitum

161 1765 241 1823 haud
264 1765 306 1823 ita
332 1771 439 1840 magna
467 1770 556 1823 marni
584 1765 730 1825 Graeciae
758 1766 872 1840 fugitus
899 1776 954 1836 est,
977 1765 1164 1839 eoque‘ipse

160 1871 223 1928 dux
244 1870 354 1929 cecidit
374 1871 502 1946 proelio„
548 1871 616 1944 Qui
635 1859 871 1929 victorii‘elatus
894 1851 1019 1945 plririma
1042 1871 1164 1928 miscete

161 1977 263 2052 coepit
288 1986 318 2034 et
342 1977 452 2035 miiora
480 1983 701 2051 concupiscere.
754 1977 823 2056 Sed*
842 1983 968 2050 primum
996 1977 1028 2032 in
1055 1981 1092 2033 eo
1120 1985 1165 2034 est
1189 2007 1215 2038 ιο

161 2083 366 2157 reprehensus,
393 2081 477 2158 quod
505 2099 542 2141 ex
569 2081 679 2157 praedi
707 2081 855 2158 tripodem
885 2100 1005 2141 aureum
1042 2081 1165 2156 Delphis

161 2190 308 2264 posuisset
336 2188 548 2264 epigrammate
575 2193 727 2264 inscripto,
754 2187 785 2246 in
813 2194 873 2263 quo
903 2188 978 2247 haec
1009 2199 1071 2247 erat
1098 2207 1165 2246 sen-

162 2278 287 2366 tentia&
309 2300 362 2353 suo
390 2294 481 2353 ductii
516 2294 656 2353 barbaros
689 2294 769 2370 apud
798 2296 930 2352 Plataeas
958 2312 1022 2351 esse
1051 2294 1166 2353 deletos

162 2386 283 2475 Eiusqde
307 2401 448 2459 victoriae
476 2406 546 2476 ergo
570 2400 700 2475 Apollini
727 2399 759 2457 id
787 2400 900 2458 donum
927 2398 1055 2457 dedisse.
1099 2402 1166 2457 Hos

162 2511 261 2564 versris
297 2506 528 2565 Lacedaemonii
560 2506 783 2581 exsculpserunt
810 2524 908 2580 neque
936 2504 1015 2563 aliud
1043 2510 1165 2579 scrips'e-
1189 2532 1214 2579 ις

162 2622 230 2670 runt
267 2630 357 2686 quarn
395 2612 517 2670 nomina
555 2617 656 2669 earum
694 2611 856 2684 civititum,
894 2617 1017 2685 quimm
1058 2611 1165 2669 auxilio

163 2719 269 2775 Persae
290 2727 373 2775 erant
392 2723 469 2775 victi.
795 2717 797 2720 ’

204 2825 246 2881 Il.
261 2784 345 2929 [Post
372 2822 403 2881 id
431 2822 578 2898 proelium
606 2821 736 2881 eundem
764 2822 938 2881 Pausaniam
973 2841 1042 2880 curn
1073 2822 1165 2880 classe

162 2933 314 2987 communi
336 2928 468 3003 Cyprum
491 2937 579 3003 atque
603 2929 832 3003 Hellespontum
855 2933 1004 2999 miserunt,
1021 2939 1054 2985 ut
1074 2946 1111 2985 ex
1124 2934 1166 2985 eis

161 3034 330 3109 regionibus
359 3034 549 3094 barbarorum
578 3034 725 3109 praesidia
753 3034 924 3109 depelleret.
977 3036 1042 3092 Pari
1069 3033 1164 3091 felici·
1189 3063 1216 3093 20

162 3145 222 3197 tite
251 3140 281 3197 in
308 3146 345 3198 eri
371 3145 403 3198 re
429 3144 498 3198 fisus
526 3140 629 3199 elitius
658 3144 689 3198 se
716 3158 820 3215 gerere
848 3140 949 3214 coepit
980 3140 1165 3213 miioresque

162 3255 304 3332 appetere
334 3250 389 3303 res.
446 3246 525 3304 Nam
555 3264 624 3304 curn
659 3246 801 3320 Byzantio
836 3251 1004 3320 expugnato
1038 3245 1166 3320 cepisset

136 3350 331 3435 ¹¹⁵⁴compluris
357 3353 509 3409 Persirum
532 3352 646 3410 nobiles
672 3362 761 3426 atque
790 3352 820 3409 in
840 3358 882 3409 eis
909 3352 1066 3409 nonnullos
1090 3353 1166 3427 rigis

162 3462 355 3532 propinquos,
380 3458 435 3515 hos
463 3458 540 3515 clam
567 3459 658 3515 Xerxi
685 3458 806 3529 remisit,
832 3458 970 3515 simulins
998 3477 1035 3515 ex
1062 3459 1165 3515 vinclis

164 3561 287 3635 publicis
310 3563 460 3639 effrigisse,
481 3574 512 3621 et
534 3570 659 3621 cumeis
684 3563 854 3638 Gongylum
884 3564 1092 3635 Eretriensem,
1115 3571 1166 3637 qui
1188 3591 1214 3638 ²5

163 3668 273 3727 litteris
295 3674 356 3744 regi
377 3669 526 3743 redderet,
550 3670 580 3728 in
605 3670 712 3744 quibus
736 3671 810 3727 haec
835 3670 923 3727 luisse
951 3676 1060 3745 scripta
1085 3670 1164 3726 Thri-

164 3774 286 3850 cydides
321 3774 482 3833 memoriae
516 3774 667 3851 prodidit:
708 3775 902 3846 “Pausanias¹
938 3774 998 3832 dux
1033 3776 1164 3848 Spartae,
