2817 4250
107 323 252 388 vrr.,vi11.]
600 323 690 373 DlON
1126 332 1170 395 49

109 496 282 571 opprimere
311 495 431 567 studuit,
458 495 720 570 Heraclidemque‚
743 515 811 554 curn
841 498 996 572 Syrecr’rses
1023 499 1118 556 venis·

109 612 167 673 set,
188 601 428 659 interficiendum
451 603 570 660 cerevit.

151 709 220 764 VII.
252 708 343 781 Quod
367 709 476 765 sactum
497 709 634 767 omnibus
657 710 817 767 meximum
839 710 975 766 timerem
999 710 1118 781 iniecit;

109 818 202 872 neme
227 815 305 870 enirn
331 815 382 872 ille
407 815 562 872 interfecte
588 821 619 873 se
647 821 742 872 tritum
767 815 898 890 putebat.
941 817 995 873 Ille
1019 827 1119 874 autern

109 918 280 976 adverserie
316 925 431 978 remete
466 920 601 978 licentius
637 926 739 978 cerum
774 921 862 992 bona,
897 927 972 995 ques
1008 922 1120 980 sciebat
1144 945 1154 991 ς

110 1024 253 1083 adversus
278 1030 309 1084 se
335 1026 468 1098 sensIsse,
493 1026 632 1085 militibus
660 1027 835 1101 dispertivit.
878 1027 993 1102 Quibus
1021 1027 1120 1085 divisis

109 1149 181 1187 curn
209 1131 366 1189 cottidieni
394 1131 514 1189 meximi
538 1132 643 1190 fierent
667 1137 812 1207 semptes,
834 1133 970 1192 celeriter
993 1134 1121 1208 pecunia

110 1235 218 1294 deesse
243 1236 353 1311 coepit,
382 1253 480 1311 neque
512 1240 573 1311 que
603 1240 708 1294 manes
738 1235 902 1311 porrigeret
932 1236 1120 1312 suppetebat,

110 1342 167 1400 nisi
196 1343 227 1399 in
255 1347 418 1400 amicerum
446 1341 658 1417 possessienes
713 1341 750 1399 Id
778 1342 840 1398 eius
869 1341 951 1400 modi
979 1353 1049 1414 erat,
1078 1353 1119 1415 nt,

111 1467 182 1505 cum
211 1448 318 1506 milites
346 1447 574 1519 reconciliasset,
600 1448 748 1505 emitteret
775 1448 943 1522 optimetes.
986 1449 1120 1522 Querum
1144 1478 1170 1508 ιο

111 1558 211 1612 rerum
243 1559 314 1612 cure
345 1554 508 1628 augebitur
542 1563 572 1610 et
606 1557 738 1610 insuetus
772 1553 849 1610 male
884 1553 1034 1628 audiendi,
1058 1560 1121 1611 nen

111 1660 213 1718 anime
235 1664 332 1734 aeque
353 1659 466 1717 ferebat
491 1658 530 1716 de
552 1663 582 1716 se
604 1659 643 1717 ab
657 1665 698 1716 eis
717 1659 793 1716 male
814 1659 980 1731 existImeri,
996 1665 1121 1734 querum

112 1766 202 1840 paule
238 1775 307 1822 ante
341 1765 372 1821 in
406 1764 522 1822 caelum
558 1765 651 1822 fuerat
686 1765 778 1822 eletus
810 1764 955 1823 laudibus.
1009 1766 1121 1840 Vulgus

112 1881 214 1929 autem
243 1871 359 1929 offense
386 1871 418 1928 in
445 1889 513 1928 eum
542 1871 666 1928 militurn
694 1872 845 1929 voluntate
873 1872 991 1929 liberius
1018 1873 1119 1946 loque-

112 1978 200 2036 betur
222 1987 251 2034 et
274 1987 430 2051 tyrannum
451 1982 512 2034 nen
534 1976 688 2034 serendum
710 1977 874 2037 dictitabat.
1145 2002 1170 2048 ις

154 2084 243 2141 VIII.
273 2084 360 2141 Haec
386 2082 433 2141 ille
457 2083 574 2141 Intuens
597 2100 666 2140 cum
688 2082 836 2157 quemad
859 2082 982 2141 modum
1004 2083 1122 2142 sederet

113 2195 251 2261 nesciret,
267 2200 297 2247 et
319 2195 458 2263 quersum
481 2189 641 2247 evederent
660 2190 785 2261 timeret,
801 2191 971 2249 Callicrates
990 2190 1120 2265 quidam,

114 2296 188 2353 civis
216 2296 412 2367 Atheniensis,
435 2302 485 2369 qui
502 2295 599 2363 ‚simul
627 2314 695 2352 curn
725 2302 762 2353 ee
790 2315 827 2353 ex
855 2297 1063 2370 Peloponneso
1091 2298 1121 2355 in

112 2402 244 2461 Siciliam
268 2407 397 2472 venerat,
420 2401 512 2459 horne
538 2411 567 2459 et
592 2401 717 2459 callidus
741 2413 771 2458 et
791 2402 830 2459 ad
852 2402 984 2460 fraudem
1008 2409 1120 2475 acutus,

112 2510 179 2565 sine
203 2508 261 2566 elle
284 2508 424 2583 religiene
451 2525 487 2565 ac
513 2506 582 2579 fide,
604 2507 676 2565 adiit
697 2506 736 2564 ad
758 2508 889 2565 Dienem
910 2518 940 2565 et
964 2509 1022 2566 ait:
1053 2528 1121 2566 eum
1144 2535 1172 2564 20

113 2619 225 2689 megne
253 2614 284 2671 in
311 2613 442 2689 pericule
472 2632 537 2672 esse
565 2623 687 2688 propter
719 2613 919 2671 offensienem
954 2616 1056 2689 populi
1091 2625 1121 2672 et

112 2718 219 2777 odium
255 2719 388 2791 militum,
422 2718 503 2794 quod
538 2718 619 2777 nelle
654 2718 747 2776 mode
781 2724 890 2777 evitere
925 2730 1035 2793 posset,
1066 2721 1121 2778 nisi

112 2826 203 2883 alicui
222 2824 346 2883 'suerum
372 2825 525 2900 negetium
551 2824 644 2895 daret,
666 2831 719 2898 qui
743 2829 775 2882 se
797 2825 945 2882 simuleret
966 2825 1006 2882 illi
1026 2826 1120 2883 inimi-

113 2950 194 2988 cum.
237 2932 336 3005 Quem
357 2937 381 2988 si
402 2931 561 2988 invenisset
583 2929 734 3000 ideneum,
751 2930 836 2987 facile
856 2931 990 2988 omnium
1008 2931 1121 2989 animes

113 3036 303 3111 cegnitrirum
332 3035 573 3109 adverseriesque
603 3035 792 3107 sublinitum,
814 3035 896 3109 quod
924 3037 1036 3094 inimici
1060 3037 1122 3095 eius
1144 3061 1170 3107 ²5

114 3140 272 3199 dissidenti
293 3147 361 3199 sues
382 3146 483 3199 sensus
504 3146 633 3215 aperturi
655 3141 758 3198 forent.

157 3248 223 3305 Tau
244 3248 367 3305 censilie
389 3248 514 3322 probete
536 3246 655 3321 excepit
676 3246 728 3304 hes
750 3251 847 3321 partes
868 3247 932 3321 ipse
952 3248 1121 3307 Callicrates

114 3362 146 3411 et
172 3357 204 3411 se
229 3362 323 3411 armat
346 3352 546 3427 lmpnidentiai
569 3352 682 3410 Dienis.
725 3352 772 3409 Ad
794 3370 862 3409 eurn
885 3353 1121 3412 interficiendum

114 3458 214 3517 socies
242 3458 401 3531 conquirit,
430 3456 610 3515 adverseries
645 3457 707 3515 eius
742 3458 890 3529 convenit,
919 3458 1122 3517 conieretiene

114 3564 287 3622 cenfirmat.
331 3566 401 3635 Res,
426 3564 524 3621 multis
549 3563 674 3621 censciis
699 3581 775 3638 quae
800 3568 944 3638 ageretur,
966 3565 1041 3622 eleta
1069 3564 1119 3625 de·
1144 3598 1174 3643 30

115 3671 209 3728 fertur
249 3669 288 3727 ad
330 3669 566 3740 Aristomachen,
609 3674 740 3727 sorerem
785 3669 900 3741 Dionis,
942 3675 1122 3747 uxeremque

115 3780 237 3836 Areten.
298 3775 369 3833 Illae
404 3775 509 3833 timere
544 3774 716 3849 perterritae
751 3775 940 3848 conveniunt,
968 3776 1049 3836 ceius
1084 3777 1123 3839 de
