2817 4250
154 308 220 398 [ia]
1164 293 1245 391 [21]

581 414 607 497 Ι
818 408 838 470 Ι

140 462 239 554 Ar‘cet
266 496 348 554 enim
375 495 487 571 legibus
515 500 616 553 eorum
642 502 733 553 cuivis
759 496 871 571 ephoro
897 496 955 554 hoc
979 497 1077 555 facere
1103 479 1193 572 reg}
1290 565 1293 572 Ι

169 603 252 660 Hinc
281 612 382 660 tamen
408 607 440 660 εδ
468 601 626 676 expedivit,
651 619 750 676 neque
779 607 815 660 eo
844 603 936 676 magis
964 603 1084 662 carebat
1110 621 1172 661 sus·

93 731 100 737 ·
167 708 289 784 picione
300 729 308 780 ;
347 726 416 764 nam
448 707 549 782 opinio
580 708 720 767 manchat
755 725 823 764 eum
858 726 926 765 cum
960 713 1030 783 rege
1063 708 1173 768 habere

167 814 355 873 societatem.

211 921 265 978 Est
292 937 384 996 genus
412 918 564 995 quoddam
593 919 756 991 hominum,
785 919 866 994 quod
895 920 1016 977 Hilotae
1044 926 1172 993 vocaitur,
1197 942 1208 990 ς

166 1031 295 1100 quorum
324 1031 430 1101 magna
458 1025 616 1084 multitudo
647 1031 731 1100 agros
764 1025 1066 1084 Lacedaemoniorum
1101 1027 1173 1084 colit

166 1136 380 1207 servorumque
412 1137 533 1190 mirnere
569 1131 648 1206 fungi
683 1151 703 1188 r.
763 1133 829 1190 Hos
863 1149 982 1206 quoque
1018 1133 1173 1190 sollicitare

166 1242 223 1313 spe
248 1237 389 1296 libertatis
413 1237 640 1296 existimibatur.
644 1142 680 1417 ἶ
682 1237 742 1296 Sed
764 1236 845 1312 quod
868 1237 970 1294 hairum
992 1241 1089 1296 rerum
1110 1240 1172 1296 mil-

166 1344 230 1400 lum
256 1354 319 1401 erat
342 1353 477 1418 apertum
503 1349 624 1414 crimen,
667 1348 706 1401 uo
732 1349 851 1418 coargui
875 1354 984 1417 posset,
1005 1349 1066 1401 non
1089 1351 1171 1418 puti-

167 1450 242 1508 bant
273 1450 311 1508 de
343 1451 393 1507 tali
423 1459 544 1524 tamque
574 1449 655 1507 claro
689 1449 752 1507 viro
788 1449 1003 1522 suspicionibus
1038 1408 1251 1580 oportet&

167 1556 293 1638 indicari
314 1567 344 1613 et
366 1555 610 1630 exspectandum,
631 1554 704 1612 dum
726 1560 758 1613 εδ
779 1555 842 1629 ipsa
862 1559 909 1613 res
930 1561 1065 1629 aperiret.
1176 1530 1191 1551 χ

190 1627 279 1754 m
293 1661 416 1719 Interim
447 1661 572 1736 Argilius
600 1661 722 1735 quidam
750 1661 986 1719 adulescentulus
1014 1680 1082 1719 cum
1111 1663 1172 1737 epi·

166 1768 276 1826 stulam
304 1769 342 1825 ab
371 1772 407 1826 eo
436 1767 475 1825 ad
503 1768 678 1825 Artabazum
706 1767 872 1842 accepisset
902 1773 988 1841 eique
1020 1768 1051 1824 in
1081 1775 1172 1843 suspi-

167 1874 288 1931 cionem
314 1873 442 1931 venisset
466 1873 577 1947 aliquid
602 1873 632 1929 in
657 1879 691 1931 ea
716 1872 756 1930 de
780 1877 812 1931 εδ
835 1891 898 1931 esse
920 1879 1070 1948 scriptum,
1091 1874 1173 1948 quod

167 1985 261 2037 nemo
302 1984 406 2037 eorum
440 1979 573 2050 redisset,
608 1985 660 2054 qui
694 1978 804 2038 eodem
839 1985 918 2038 missi
952 1990 1045 2051 erant,
1078 1980 1175 2037 vincla
1198 2003 1222 2050 15

168 2086 314 2161 epistulae
335 2085 441 2144 laxavit
462 2090 605 2161 signoque
627 2084 763 2145 detracto
784 2086 932 2162 cognovit,
954 2092 978 2145 si
998 2086 1173 2162 pertulisset,

168 2193 228 2253 sibi
255 2212 319 2251 esse
344 2192 539 2267 pereundum.
583 2194 675 2251 Erant
699 2193 730 2249 in
756 2193 861 2251 eadem
887 2193 1012 2267 epistula
1035 2212 1111 2268 quae
1135 2193 1174 2250 ad

169 2317 209 2356 ea
232 2300 428 2373 pertinebant,
451 2318 526 2374 quae
552 2300 750 2374 interregem
775 2299 1007 2373 Pausaniamque
1028 2304 1173 2357 convene-

168 2419 245 2463 rant.
288 2406 353 2463 Has
375 2405 423 2463 ille
445 2406 555 2463 litteris
577 2405 695 2480 ephoris
717 2404 845 2463 tradidit.

214 2512 283 2569 Non
312 2522 357 2569 est
384 2510 599 2586 praetereunda
626 2511 751 2586 gravita’rs
781 2510 1086 2569 Lacedaemoniorum
1117 2510 1175 2568 hoc
1198 2536 1226 2567 ιο

169 2617 259 2689 loc6;
294 2635 363 2673 nam
398 2622 437 2675 ne
467 2617 552 2675 htiius
587 2616 708 2691 quidem
744 2617 855 2675 indicio
890 2617 1009 2691 impulsi
1042 2627 1109 2675 sunt
1143 2627 1176 2673 ut

171 2723 346 2781 Pausaniam
376 2720 689 2799 comprehenderent,-
703 2739 800 2797 neque
832 2722 912 2797 prius
943 2724 1002 2780 vim
1032 2722 1174 2781 adhiben-

169 2828 243 2886 dam
272 2835 455 2904 putiverunt,
484 2849 573 2905 quam
603 2834 634 2888 εδ
662 2830 726 2904 ipse
755 2828 924 2926 indicasse5
976 2831 1079 2904 Itaque
1108 2829 1175 2886 huic

170 2935 273 3006 indici,
299 2936 371 3010 quid
400 2938 463 2995 fieri
490 2938 608 3009 vellent,
635 2940 858 3011 praecepcirunt.
901 2936 1014 2993 Fanum
1044 2937 1177 3010 Neptimi

171 3052 219 3099 est
246 3044 381 3114 Taenari,
411 3043 492 3117 quod
520 3044 622 3101 violari
649 3061 668 3099 n
688 3043 737 3100 sas
765 3051 870 3116 putant
895 3043 1010 3100 Graeci.
1053 3043 1099 3099 Eo
1129 3042 1177 3097 ille
1200 3030 1313 3136 ²509&

170 3150 312 3224 configit
337 3150 366 3205 in
387 3155 494 3224 araque
517 3148 661 3207 consedit.
739 3166 794 3205 ane
819 3149 899 3205 iuxta
919 3148 1016 3205 locum
1039 3146 1283 3234 secemntup'Xi

171 3254 228 3313 sub
252 3260 337 3323 terri,
354 3273 390 3311 ex
434 3261 473 3313 ud
499 3265 599 3330 posset
624 3254 764 3325 exaudiri,
779 3260 803 3311 si
827 3255 891 3327 quis
915 3254 987 3330 quid
1009 3237 1263 3352 loqueretdaffss'd

172 3379 242 3417 cum
281 3274 526 3529 ArgiliokHirc
564 3379 601 3418 ex
637 3360 754 3435 ephoris
791 3359 912 3434 quidam
949 3346 1213 3422 discenderunt]
1227 3328 1261 3415 d

173 3467 342 3537 Pausanias,
371 3476 403 3523 ut
468 3466 540 3524 divit
567 3466 709 3542 Argilium
737 3466 909 3541 confugisse
937 3466 966 3522 in
995 3470 1085 3536 aram,
1111 3483 1175 3539 per-

172 3572 305 3631 turbatus
333 3572 413 3629 venit
438 3579 483 3631 eo.
527 3573 624 3646 Quem
650 3591 718 3629 cum
744 3572 909 3647 supplicem
935 3571 985 3629 dei
1008 3572 1123 3629 videret
1147 3572 1178 3629 in
1200 3600 1228 3645 30

172 3683 223 3735 ara
246 3678 411 3749 sedentem,
432 3680 546 3753 quaerit
572 3698 676 3737 causae
701 3679 773 3753 quid
798 3679 833 3736 sit
858 3687 919 3735 tam
941 3684 1086 3752 repentini
1106 3682 1177 3734 cim-

162 3784 238 3843 ·silii.
281 3784 364 3841 Huic
385 3784 441 3857 ille,
461 3786 534 3861 quid
559 3804 595 3842 ex
619 3786 721 3843 litteris
742 3785 944 3858 comperisset,
962 3784 1065 3859 aperit.
1108 3784 1198 3867 Qup‘
