2817 4250
128 337 173 382 1x.‚
186 324 225 388 κ]
553 324 764 373 ALCIBIADES
1143 331 1160 392 3
1166 329 1181 394 5

127 502 195 568 nea,
225 501 264 554 na
292 497 373 555 iaxta
400 497 518 554 hostem
546 506 642 554 castra
670 497 779 556 habeas
806 497 943 569 nautica;
971 497 1133 572 periculum

127 614 172 661 est
194 603 285 674 enim,
306 607 344 661 na
365 601 558 660 immodestia·
575 603 699 660 militum
721 607 884 660 vestramm
905 603 1023 661 occasia
1047 602 1135 662 datur

127 707 281 784 Lysandra
315 715 402 767 vestri
440 707 629 784 opprimendi
666 709 840 767 exercitiis.”
884 709 991 784 Neque
1024 727 1061 767 ea
1086 713 1133 768 ras

126 816 208 872 illum
232 815 356 888 fefellit3
385 833 454 872 nam
479 815 630 889 Lysander
655 833 725 872 cum
749 832 803 890 per
827 816 1025 890 speculatores
1050 833 1132 874 com-

126 921 253 994 perisset
276 921 395 996 vulgum
416 920 639 979 Athaniansium
662 921 692 978 in
714 931 822 978 terram
843 920 1017 996 praedatum
1039 927 1133 980 exisse
1157 945 1168 991 5

125 1032 276 1103 navasque
301 1044 397 1102 paene
421 1027 524 1085 inanas
547 1026 672 1099 relictas,
694 1037 812 1102 tempus
835 1032 878 1084 rei
900 1026 1047 1102 gerendae
1072 1031 1132 1086 nan

126 1131 237 1190 dimisit
258 1138 355 1208 eaque
376 1133 491 1207 impeta
513 1131 622 1190 bellum
645 1137 741 1190 totum
762 1132 882 1190 dalavit.

168 1240 221 1296 IX.
250 1241 289 1296 At
317 1237 494 1309 Alcibiadas
523 1243 607 1296 vietis
635 1238 864 1296 Athaniansibus
891 1243 960 1296 nan.
976 1238 1045 1296 satis
1069 1242 1133 1296 trita

126 1343 235 1402 eadem
260 1343 327 1402 loca
351 1344 406 1403 sibi
430 1344 582 1414 arbitrans,
603 1344 720 1418 penitus
745 1345 775 1400 in
795 1343 970 1401 Thraeciam
991 1349 1023 1401 sa
1044 1349 1133 1418 supra

126 1449 342 1524 Propontidem
363 1448 488 1520 abdidit,
511 1453 631 1524 sparans
652 1449 694 1508 ibi
715 1449 853 1506 facillima
873 1468 956 1506 suam
979 1450 1131 1508 fortunam
1156 1479 1183 1509 10

126 1555 224 1614 occuli
257 1573 354 1630 posse.
411 1555 508 1613 Falsa.
565 1556 643 1612 Nam
677 1555 836 1625 Thraecas,
871 1565 1028 1629 postquam
1064 1573 1132 1612 eum

125 1679 195 1718 cum
225 1667 332 1736 magna
358 1661 486 1737 pecauia
513 1661 627 1719 vanisse
657 1665 819 1732 sansarunt,
844 1661 966 1718 insidias
994 1661 1132 1719 iacamnt

125 1786 221 1841 eaque
257 1785 334 1843 quae
372 1773 543 1842 apportarat
578 1768 768 1837 abstularunt‚
800 1768 896 1841 ipsum
931 1785 1037 1841 capere
1072 1773 1133 1825 nan

125 1879 296 1948 potuerunt.
353 1873 405 1931 Ille
442 1878 566 1932 cernens
600 1873 712 1931 millum
746 1873 846 1930 locum
881 1873 936 1932 sibi
971 1878 1067 1931 tritum
1101 1875 1132 1930 in

125 1981 254 2039 Graecia
278 1990 401 2054 propter
424 1980 588 2054 potentiam
614 1980 920 2038 Lacedaemoniamm
942 1979 981 2036 ad
1003 1979 1130 2037 Pharna·
1156 2003 1181 2049 15

125 2086 231 2146 bazum
259 2087 291 2143 in
318 2085 417 2144 Asiam
446 2086 567 2158 transiit,
596 2103 685 2161 quem
715 2084 838 2159 quidem
866 2085 944 2144 adea
972 2090 1024 2143 sua
1051 2085 1133 2160 capit

125 2192 318 2264 humanitate,
339 2202 372 2249 ut
392 2210 461 2250 eum
482 2197 572 2251 nema
597 2193 628 2249 in
648 2193 777 2249 amicitia
797 2191 996 2250 antecederet.
1040 2193 1131 2249 Nam-

125 2316 185 2374 que
213 2305 241 2356 ei
268 2298 412 2371 Grynium
446 2298 580 2369 dederat,
608 2298 639 2355 in
675 2298 800 2372 Phrygia
833 2308 971 2368 castrum,
1000 2316 1037 2355 ex
1071 2303 1132 2371 qua

125 2408 332 2479 quinquagena
373 2404 484 2462 talenta
523 2404 672 2478 vectigalis
707 2403 853 2478 capiebat.
909 2404 978 2477 Qua
1012 2403 1133 2462 fortuna

124 2509 295 2569 Alcibiades
336 2514 398 2567 nan
438 2519 501 2567 erat
540 2519 697 2567 contentus
735 2527 832 2583 neque
870 2509 1001 2567 Athenas
1041 2514 1132 2566 victas
1154 2534 1183 2565 κο

126 2615 372 2673 Lacedaemoniis
400 2621 506 2674 servire
535 2625 651 2689 poterat
679 2621 751 2689 pati.
807 2616 912 2690 Itaque
940 2614 979 2673 ad
1007 2615 1132 2689 patriam

125 2721 310 2780 liberandam
324 2719 326 2723 ’
339 2728 420 2779 omni
448 2722 595 2780 ferabatur
622 2721 811 2795 cogitatione.
867 2719 926 2779 Sed
953 2718 1074 2780 vidabat
1100 2720 1131 2778 id

125 2828 189 2885 sine
217 2832 286 2901 rage
316 2828 403 2885 Perse
431 2832 491 2884 non
520 2844 607 2902 posse
638 2827 711 2898 fieri,
740 2826 869 2900 ideaque
901 2844 969 2883 eum
1004 2814 1148 2883 amicum*

124 2933 182 2992 sibi
210 2932 350 3007 cupiebat
377 2932 498 3007 adiungi
525 2950 622 3007 neque
657 2932 811 2992 dubitabat
846 2932 931 2989 facile
965 2937 996 2990 sa
1027 2937 1131 2989 canse-

124 3044 271 3110 catarum,
296 3044 319 3095 si
343 3038 435 3097 modo
460 3039 522 3096 aius
546 3038 744 3096 conveniendi
767 3038 917 3098 habuisset
944 3042 1131 3112 potestatem.
1155 3065 1181 3111 25

125 3145 205 3201 Nam
242 3140 353 3219 Cyrum
390 3145 508 3201 fratrem
544 3150 572 3201 ei
606 3143 716 3202 bellum
744 3144 821 3201 clam
850 3149 952 3218 parare
981 3143 1131 3201 Lacedae

125 3250 232 3307 moniis
257 3249 462 3308 adiuvantibus
486 3250 598 3309 sciabat
609 3269 617 3321 ;
646 3248 677 3307 id
702 3255 727 3306 si
747 3249 918 3323 aperuisset,
941 3255 1077 3324 magnam
1101 3253 1132 3307 se

125 3356 265 3413 initiarum
290 3355 414 3429 gratiam
438 3354 568 3413 videbat.

165 3462 203 3518 X.
234 3462 304 3519 Hac
339 3479 407 3518 cum
443 3460 593 3519 maliratur
624 3470 799 3535 peteretque
827 3466 846 3518 a
873 3461 1072 3531 Phamabaza‚
1100 3471 1133 3518 ut

125 3566 166 3625 ad
194 3571 295 3641 regem
323 3568 496 3637 mitteratur,
525 3566 634 3624 eadem
669 3577 805 3641 tempore
840 3567 946 3626 Critias
982 3572 1132 3642 caterique
1155 3596 1184 3641 30

125 3680 242 3748 tyranni
270 3672 494 3730 Athaniansium
521 3678 619 3731 certas
647 3672 783 3730 homines
814 3672 854 3729 ad
887 3672 1072 3748 Lysandrum
1103 3672 1134 3729 in

124 3780 227 3838 Asiam
254 3784 401 3849 miserant,
422 3784 472 3851 qui
497 3797 565 3836 eum
587 3779 745 3837 certiarem
767 3779 907 3848 facerent,
929 3778 984 3835 nisi
1005 3776 1131 3835 Alcibia-
