2817 4250
526 291 694 340 CORNELII
717 291 866 340 NEPOTIS
888 291 996 339 VITAE
1224 289 1287 354 [vu.

284 462 362 520 iusst'r
384 463 654 523 Mithrobarzanem
676 464 843 539 profectum
864 470 919 538 pre
940 463 1072 538 perfuge,
1094 470 1154 539 que
1176 464 1289 521 facilius

284 579 420 645 receptus
443 571 622 628 interficeret
644 571 744 628 hostes
754 591 763 643 3
785 574 895 644 quere
916 569 1042 645 relinqui
1062 587 1132 627 eum
1153 577 1206 645 per
1226 575 1290 627 nen

284 693 349 734 esse
373 686 403 734 et
427 680 532 734 omnes
557 677 714 734 censestim
739 682 832 750 sequi.
874 674 964 749 Quod
989 681 1014 732 si
1041 676 1141 733 anime
1170 681 1290 733 strenue

285 781 436 854 iecissent,
454 782 582 840 futurum
604 791 636 840 ut
657 781 813 840 adversarii
833 787 894 839 nen
915 790 1037 856 possent
1057 780 1201 852 resistere,
1221 799 1289 838 cum

257 898 315 960 set
341 888 417 946 intre
443 888 550 946 vellum
580 897 610 946 et
637 888 707 946 foris
739 887 944 946 caederentur.
1001 889 1069 945 Hec
1101 892 1132 946 re
1164 886 1291 963 probate

285 995 447 1051 exercitum
469 981 578 1066 edricit,
601 995 871 1052 Mithrobarzanem
891 993 1085 1068 persequitur,
1100 999 1152 1068 qui
1175 1002 1289 1050 tantum

286 1100 368 1173 quod
395 1099 433 1157 ad
461 1099 562 1158 hostes
593 1105 777 1175 pervenerat,
805 1117 874 1156 cum
906 1101 1049 1157 Datames
1080 1105 1162 1174 signa
1193 1098 1291 1156 inferri

286 1206 376 1264 iubet.
432 1205 548 1265 Pisidae
579 1213 657 1265 nove
687 1211 719 1264 re
749 1211 893 1263 commeti
924 1206 955 1262 in
989 1205 1160 1280 opinienem
1196 1203 1289 1263 adde-

287 1322 392 1369 cuntur
412 1313 548 1388 perfugas
570 1313 647 1370 male
667 1311 727 1370 fide
746 1311 974 1387 compositeque
994 1311 1114 1383 fecisse,
1128 1321 1161 1368 ut
1178 1317 1292 1386 recepti

239 1449 265 1479 ιο
288 1419 389 1475 meieri
417 1429 514 1476 essent
542 1419 709 1477 calamiteti.
765 1419 894 1475 Primum
924 1423 976 1475 ees
1007 1417 1186 1476 adoriuntur.
1245 1415 1291 1474 Illi

287 1541 356 1606 cum
383 1523 454 1598 quid
486 1529 621 1599 ageretur
651 1533 701 1581 aut
731 1529 790 1598 que
818 1528 849 1581 re
877 1523 961 1581 fieret
988 1528 1167 1598 ignerarent,
1195 1528 1291 1582 coecti

287 1640 354 1688 sunt
375 1637 498 1687 cumeis
519 1635 649 1705 pignere
671 1629 709 1687 ad
730 1635 805 1704 ques
826 1629 1008 1700 transierant,
1030 1630 1068 1686 ab
1085 1635 1187 1703 eisque
1215 1634 1290 1687 stere

287 1741 361 1810 ques
389 1736 584 1810 reliquerant,
615 1735 722 1810 quibus
750 1753 819 1792 cum
847 1741 942 1803 neutri
969 1745 1134 1808 parcerent,
1157 1735 1292 1792 celeriter

289 1851 355 1898 sunt
383 1848 501 1898 concisi.
558 1840 699 1914 Reliques
729 1839 841 1898 Pisides
873 1840 1042 1898 resistentes
1073 1841 1216 1898 Datames
1246 1839 1289 1897 in-

239 1972 263 2018 15
287 1947 368 2004 vadit
379 1968 387 2018 ;
416 1951 512 2021 prime
537 1947 650 2021 impete
674 1946 766 2020 pellit,
791 1946 936 2020 fugientes
963 1946 1157 2021 persequitur,
1183 1945 1291 2003 multes

288 2053 434 2123 interficit,
456 2061 552 2108 castra
572 2051 700 2109 hostium
722 2051 811 2127 capit.

327 2160 391 2217 Tali
423 2157 545 2215 censilie
576 2163 636 2215 tine
667 2168 802 2232 tempore
837 2167 867 2215 et
902 2158 1068 2233 proditores
1103 2157 1228 2231 perculit
1262 2167 1293 2215 et

288 2371 458 2446 cegitetum,
484 2370 514 2428 id
544 2368 582 2427 ad
611 2368 735 2427 saltitem
764 2369 918 2427 convertit.
960 2370 1030 2443 Que
1057 2387 1153 2443 neque
1178 2369 1293 2427 acirtius

238 2503 266 2534 20
288 2478 371 2535 [illius
390 2477 574 2552 impereteris
594 2476 755 2551 cegitetum
773 2493 871 2550 neque
891 2475 1014 2535 celerius
1036 2474 1145 2533 factum
1167 2493 1292 2549 usquam

288 2582 420 2657 legimus.

327 2690 397 2745 VII.
426 2688 473 2745 Ab
501 2687 558 2746 hec
587 2696 686 2744 tamen
713 2686 776 2745 vire
803 2686 920 2758 Sisines,
945 2685 1075 2744 maxime
1102 2690 1174 2744 nete
1202 2685 1292 2757 iilius,

288 2794 393 2853 desciit
417 2794 456 2852 ad
484 2798 644 2868 regemque
671 2792 784 2850 transiit
808 2802 839 2850 et
863 2791 902 2850 de
926 2792 1095 2851 defectiene
1121 2792 1213 2866 patris
1239 2790 1291 2849 de·

289 2900 360 2958 tulit.
404 2900 473 2973 Que
498 2898 600 2956 nimtie
627 2901 803 2955 Artaxerxes
829 2902 1006 2969 commestus,
1029 2896 1111 2972 quod
1140 2896 1292 2971 intellege-

238 3034 263 3080 ²5
288 3007 338 3065 bat
363 3005 418 3063 sibi
443 3022 511 3061 cum
535 3004 598 3062 vire
623 3003 690 3061 sorti
715 3022 751 3060 ac
776 3008 895 3061 strenue
920 3003 1072 3079 negetium
1094 3021 1168 3075 esse,
1190 3010 1292 3077 quiet

288 3112 366 3187 prius
388 3110 517 3185 cegitere
539 3127 628 3184 quam
649 3114 749 3167 ceneri
773 3114 945 3168 censuesset
969 3119 1008 3181 et,
1029 3128 1099 3166 cum
1123 3109 1291 3184 cegitasset,

287 3218 384 3277 facere
416 3216 548 3288 auderet,
576 3215 831 3291 Autophradatem
866 3216 897 3273 in
932 3215 1156 3291 Cappadociam
1192 3214 1288 3273 mittit.

288 3326 349 3381 Hic
370 3328 407 3381 ne
432 3324 539 3380 intrere
559 3331 669 3396 posset,
691 3320 797 3379 saltum
822 3321 853 3378 in
874 3326 934 3396 que
955 3321 1077 3380 Ciliciae
1098 3331 1203 3395 portae
1226 3330 1292 3379 sunt

288 3430 359 3488 sitae
395 3430 537 3486 Datames
572 3433 791 3503 praeoccupere
827 3425 947 3485 studuit.
1004 3426 1063 3485 Sed
1098 3437 1160 3484 tam
1195 3427 1291 3485 subite

237 3565 265 3609 30
287 3536 389 3611 cepies
417 3534 591 3609 contrahere
619 3538 681 3591 nen
708 3533 813 3607 potuit.
855 3519 881 3590 Ᾰ
909 3537 968 3607 que
994 3538 1026 3591 re
1053 3531 1195 3608 depulsus
1223 3550 1291 3589 cum

287 3648 328 3700 ee.
346 3646 454 3711 manu,
490 3658 579 3714 quam
614 3644 809 3709 contrexerat,
845 3638 944 3696 locum
978 3638 1088 3713 delegit
1125 3638 1226 3710 telem,
1260 3647 1292 3695 ut

285 3763 384 3825 neque
409 3746 610 3803 circumiretur
638 3744 675 3802 ab
703 3743 836 3803 hostibus
863 3761 961 3819 neque
988 3750 1162 3819 praeteriret
1186 3743 1290 3805 adver-
