2817 4250
241 300 300 362 114
527 293 696 343 CORNELII
719 293 867 342 NEPOTIS
890 294 998 342 VITAE
1238 294 1292 358 [xi.

286 486 375 542 quam
401 469 461 543 ogit
484 486 574 542 quam
598 471 699 542 rogem
725 465 849 523 armavit
873 475 902 523 et
930 466 1045 524 exacuit
1070 465 1210 526 adversus
1231 468 1293 526 Ro-

286 579 398 631 manos.
441 575 539 647 Quem
564 591 632 630 cum
653 572 767 630 vidoret
789 571 959 629 domesticis
979 572 1086 647 opibus
1109 573 1205 631 minus
1228 591 1293 631 esse

286 679 448 751 robustum,
471 679 648 736 conciliabat
674 683 790 736 coteros
814 682 906 752 rogos,
929 676 1110 752 adiungobat
1138 678 1294 738 bellicosas

281 782 429 843 'nationos
484 784 656 843 Dissidebat
687 784 726 842 ab
756 789 793 842 eo
825 785 1024 858 Pergamenus
1052 789 1104 842 rox
1133 786 1293 856 Eumenos,
1390 779 1391 850 Ῑ

258 893 428 965 5Romanis
456 891 658 960 amicissimus,
678 887 857 963 'bellumque
888 889 965 947 inter
995 895 1047 947 eos
1077 891 1232 966 gerobatur
1264 901 1295 948 et

286 1003 359 1054 mari
393 1006 425 1054 et
466 1001 561 1068 terra,
603 993 657 1053 sed
693 995 850 1069 utrobique
920 1000 1043 1060 umenos
1077 995 1144 1070 plos
1177 995 1295 1054 valebat

286 1112 408 1177 propter
442 1103 646 1159 Romanorum
672 1100 864 1185 societatem.
880 996 990 1200 {Quo
1025 1101 1119 1176 magis
1154 1101 1295 1176 cupiobat
1390 1083 1391 1102 ³

286 1225 354 1265 eum
380 1207 530 1266 Hannibal
555 1206 693 1281 opprimi,
715 1224 805 1281 quem
830 1212 855 1263 si
880 1206 1063 1278 removisset,
1085 1206 1217 1265 faciliora
1236 1207 1294 1265 sibi

286 1318 385 1371 catera
413 1312 476 1370 fore
503 1312 704 1371 arbitrabatur.
754 1310 803 1369 Ad
830 1311 911 1370 hunc
937 1311 1175 1371 interficiendum
1203 1314 1294 1372 talem

148 1486 151 1492 .
237 1445 264 1475 10
286 1419 350 1477 iniit
392 1418 546 1476 rationem.
601 1418 702 1476 Classe
743 1424 844 1492 paucis
879 1417 986 1477 diobus
1020 1428 1104 1476 erant
1138 1419 1296 1478 docrotori.

286 1525 482 1599 superabatur
508 1524 626 1581 navium
653 1522 841 1582 multitodine
852 1543 861 1596 3
896 1522 968 1582 dolo
996 1533 1058 1582 erat
1089 1509 1292 1600 poguandlim,

286 1649 354 1688 cum
384 1637 438 1705 par
471 1635 532 1687 uon
566 1638 644 1686 esset
678 1620 775 1686 armis'.
832 1611 994 1704 Imperavit
1027 1648 1118 1703 quam
1153 1630 1293 1719 plorimas

285 1741 445 1795 venonatas
472 1740 624 1810 serpentes
651 1741 731 1793 vivas
758 1735 868 1810 conligi
895 1741 1005 1809 easque
1033 1736 1064 1793 iu
1088 1740 1158 1794 vasa
1185 1736 1294 1794 fictilia

286 1842 392 1900 conici,
450 1843 565 1900 Harum
600 1859 667 1897 cum
703 1840 855 1898 effocisset
891 1846 1028 1916 magnam
1062 1841 1292 1914 multitudinem,

237 1972 262 2019 ις
286 1949 336 2007 dio
366 1947 440 2022 ipso,
470 1952 531 2022 quo
560 1947 689 2004 iactatus
720 1955 782 2004 erat
816 1947 918 2005 navale
947 1946 1101 2021 proelium,
1128 1947 1293 2034 classiarios

258 2055 432 2120 &convocat
455 2059 557 2128 eisque
588 2052 744 2128 praecipit,
773 2056 877 2110 omnos
906 2061 939 2108 ut
970 2052 1000 2109 in
1030 2027 1123 2110 onam
1138 2009 1293 2111 bumeuis

213 2134 262 2252 st>
286 2162 362 2236 rogis
386 2178 481 2218 concu
511 2168 562 2216 ant
591 2165 709 2229 navem,
737 2164 755 2215 a
782 2163 887 2216 ceteris
916 2154 1030 2216 tantum'
1058 2160 1129 2217 satis
1163 2159 1293 2219 habeant

286 2271 319 2325 so
339 2265 510 2325 defendere.
553 2262 590 2322 Id
613 2264 677 2322 illos
698 2263 783 2321 facile
808 2265 988 2339 serpentium
1010 2264 1198 2324 multitodiue
1219 2270 1292 2323 con-

286 2378 448 2431 secotoros
491 2373 557 2429 Rox
580 2380 680 2428 autem
706 2370 737 2435 in
761 2376 820 2444 qua
844 2376 917 2427 nave
942 2371 1106 2441 veherotur,
1127 2380 1160 2429 ut
1184 2378 1293 2429 scireut

185 2435 318 2546 ligea
346 2478 490 2535 factorum
501 2497 510 2548 ;
545 2494 635 2550 quem
663 2482 687 2533 si
714 2485 764 2533 aut
796 2475 946 2549 cepissent
979 2486 1030 2534 aut
1061 2476 1291 2548 interfecissent,

286 2589 395 2658 magno
409 2589 450 2640 eis
471 2581 628 2657 pollicotur
649 2581 783 2669 meo
805 2581 878 2640 sore.
1352 2642 1356 2651 Δ

326 2691 380 2747 ΧΙ.
408 2688 474 2746 Tali
494 2687 698 2745 cohortatione
724 2686 848 2744 mssitum
874 2686 951 2744 facta
975 2686 1074 2745 classis
1099 2688 1138 2746 ab
1161 2694 1292 2763 utrisque

286 2797 317 2853 in
344 2794 490 2870 proelium
519 2792 684 2852 deducitur.
737 2792 870 2866 Quarum
898 2792 963 2850 acio
998 2793 1167 2865 constitota,
1199 2794 1292 2870 prius-

286 2919 376 2976 quam
399 2906 513 2974 siguum
536 2903 653 2973 prognae
675 2898 801 2969 darotur,
825 2898 987 2969 Hannibal,
1010 2908 1042 2957 ut
1062 2899 1162 2973 palam
1180 2900 1294 2997 {afflet
1316 2868 1375 2955 55*

236 3035 263 3081 25
287 3013 344 3065 suis
368 3010 429 3079 quo
453 3006 521 3062 loco
546 3004 695 3061 Eumeuos
717 3013 806 3091 23⁵5*
828 3003 1012 3062 tabellarium
1036 3005 1067 3061 ln
1091 3005 1203 3079 scapha
1224 3023 1293 3063 curn
1313 2974 1379 3061 33*

287 3110 421 3170 cadoceo
442 3110 539 3167 mittit.
582 3110 642 3182 Qui
662 3109 714 3169 ubi
735 3108 773 3167 ad
794 3113 883 3167 navos
904 3110 1136 3167 adversariomm
1159 3111 1293 3185 pervonit

287 3216 502 3292 epistulamque
527 3213 687 3271 ostendons
716 3217 748 3269 se
773 3217 873 3287 rogem
899 3212 1046 3286 professus
1072 3222 1116 3269 est
1142 3231 1293 3288 quaerere,

287 3323 386 3382 statIm
413 3320 453 3379 ad
478 3321 645 3377 Eumenem
670 3315 816 3376 doductus
842 3327 895 3389 est,
917 3316 998 3393 quod
1023 3323 1114 3376 nomo
1140 3319 1295 3379 dubitabat
1337 3358 1379 3398 :r

287 3436 359 3504 quin
386 3425 497 3501 aliquid
525 3424 564 3482 do
594 3428 668 3499 pace
688 3432 776 3527 2⁵2⁰}
804 3430 954 3498 scn'ptum.
998 3424 1182 3483 Tabellarius
1210 3386 1363 3483 ducis2‘'

237 3564 266 3609 30
287 3541 362 3593 nave
384 3531 532 3591 declarata
553 3536 610 3587 suis
632 3528 750 3599 eodem,
769 3528 849 3587 unde
870 3538 933 3587 erat
954 3534 1096 3603 agressus,
1117 3536 1150 3589 so
1172 3532 1292 3606 recapit.

288 3645 326 3700 At
348 3641 498 3697 Eumenos
518 3635 613 3692 solata
638 3634 763 3709 epistula
783 3634 855 3691 nihil
879 3634 909 3692 iu
931 3640 967 3692 ea
987 3636 1119 3709 repperit
1139 3637 1197 3695 nisi
1218 3654 1294 3712 quae

288 3746 327 3806 ad
355 3740 544 3803 inridendum
572 3757 641 3797 eum
668 3739 859 3813 pertinerent.
902 3740 992 3801 cuius
1021 3746 1063 3801 rei
1092 3748 1148 3800 etsi
1175 3760 1293 3803 causam
